
    <marc:record>
        <marc:leader>01912cpcaa22001933  4500</marc:leader>
        <marc:controlfield tag="001">796946062</marc:controlfield>
        <marc:controlfield tag="005">20230628132750.7</marc:controlfield>
        <marc:controlfield tag="008">120627nuuuuuuuuxx                  eng d</marc:controlfield>
        <marc:datafield tag="040" ind1=" " ind2=" ">
            <marc:subfield code="a">WAU</marc:subfield>
            <marc:subfield code="b">eng</marc:subfield>
            <marc:subfield code="c">WAU</marc:subfield>
            <marc:subfield code="d">WAU</marc:subfield>
            <marc:subfield code="d">OCLCQ</marc:subfield>
            <marc:subfield code="d">WAU</marc:subfield>
        </marc:datafield>
        <marc:datafield tag="049" ind1=" " ind2=" ">
            <marc:subfield code="a">WAUW</marc:subfield>
        </marc:datafield>
        <marc:datafield tag="100" ind1="1" ind2=" ">
            <marc:subfield code="a">Major, Adolph,</marc:subfield>
            <marc:subfield code="d">1904-1993.</marc:subfield>
        </marc:datafield>
        <marc:datafield tag="245" ind1="1" ind2="0">
            <marc:subfield code="a">Adolph Major collection,</marc:subfield>
            <marc:subfield code="f">1923-1987,</marc:subfield>
            <marc:subfield code="g">(bulk 1933-1936).</marc:subfield>
        </marc:datafield>
        <marc:datafield tag="300" ind1=" " ind2=" ">
            <marc:subfield code="a">0.06 cubic ft. (1 folder)</marc:subfield>
        </marc:datafield>
        <marc:datafield tag="520" ind1="2" ind2=" ">
            <marc:subfield code="a">Collection of ephemera and publications including a membership book for the International Labor Defense and the Industrial Workers of the World which include IWW stamps and stickers inside; a letter on behalf of the striking lumber workers on behalf of the American Slavic Benevolent Federation of Washington. A labor calendar and an issue of the Voice of Action documenting the lumber strike of 1935 a transfer notice for the International Workers Order, a sticker from the IWW Railroad Workers Industrial Union Local 520, and a flyer for a 1987 Labor Music and Culture festival comprise the rest of the collection.</marc:subfield>
        </marc:datafield>
        <marc:datafield tag="545" ind1="0" ind2=" ">
            <marc:subfield code="a">Adolph Major was a member of the Industrial Workers of the World and involved in the Slavic community, serving as a member of the executive board of the American Slavic Benevolent Federation of Washington. Joining in 1923, Major was a member of the IWW during the agricultural strikes in Washington in 1933 during his time riding the rails. He was also involved in the lumber strike of 1935. Major eventually became an organizer for the International Brotherhood of Electrical Workers.</marc:subfield>
        </marc:datafield>
        <marc:datafield tag="506" ind1=" " ind2=" ">
            <marc:subfield code="a">Open to all users.</marc:subfield>
        </marc:datafield>
        <marc:datafield tag="540" ind1=" " ind2=" ">
            <marc:subfield code="a">Creator's literary rights transferred to the University of Washington Libraries.</marc:subfield>
        </marc:datafield>
        <marc:datafield tag="555" ind1="0" ind2=" ">
            <marc:subfield code="a">A finding aid to the papers is available in the Special Collections Division of the University of Washington Libraries and on the World Wide Web.</marc:subfield>
        </marc:datafield>
        <marc:datafield tag="856" ind1="4" ind2="2">
            <marc:subfield code="u">https://archiveswest.orbiscascade.org/ark:80444/xv42977</marc:subfield>
            <marc:subfield code="z">Connect to the online finding aid for this collection.</marc:subfield>
        </marc:datafield>
    </marc:record>