
    <marc:record>
        <marc:leader>05744cpcaa22005177a 4500</marc:leader>
        <marc:controlfield tag="001">28376325</marc:controlfield>
        <marc:controlfield tag="008">880715i19421972xx                  eng d</marc:controlfield>
        <marc:controlfield tag="005">20221230155336.9</marc:controlfield>
        <marc:datafield tag="010" ind1=" " ind2=" ">
            <marc:subfield code="a">   88797437 </marc:subfield>
            <marc:subfield code="b">ms 87001055 </marc:subfield>
        </marc:datafield>
        <marc:datafield tag="040" ind1=" " ind2=" ">
            <marc:subfield code="a">WaU</marc:subfield>
            <marc:subfield code="b">eng</marc:subfield>
            <marc:subfield code="e">appm</marc:subfield>
            <marc:subfield code="c">DLC</marc:subfield>
            <marc:subfield code="d">WAU</marc:subfield>
            <marc:subfield code="d">OCLCQ</marc:subfield>
            <marc:subfield code="d">NUCMC</marc:subfield>
            <marc:subfield code="d">WAU</marc:subfield>
            <marc:subfield code="d">OCLCO</marc:subfield>
            <marc:subfield code="d">OCLCA</marc:subfield>
            <marc:subfield code="d">OCLCQ</marc:subfield>
            <marc:subfield code="d">OCLCO</marc:subfield>
            <marc:subfield code="d">OCLCF</marc:subfield>
            <marc:subfield code="d">OCLCQ</marc:subfield>
            <marc:subfield code="d">OCLCO</marc:subfield>
            <marc:subfield code="d">OCL</marc:subfield>
            <marc:subfield code="d">OCLCQ</marc:subfield>
            <marc:subfield code="d">WAU</marc:subfield>
        </marc:datafield>
        <marc:datafield tag="043" ind1=" " ind2=" ">
            <marc:subfield code="a">n-usp--</marc:subfield>
            <marc:subfield code="a">n-us---</marc:subfield>
        </marc:datafield>
        <marc:datafield tag="110" ind1="2" ind2=" ">
            <marc:subfield code="a">Association of Western Pulp and Paper Workers.</marc:subfield>
        </marc:datafield>
        <marc:datafield tag="245" ind1="0" ind2="0">
            <marc:subfield code="a">Association of Western Pulp and Paper Workers records,</marc:subfield>
            <marc:subfield code="f">1942-1972.</marc:subfield>
        </marc:datafield>
        <marc:datafield tag="300" ind1=" " ind2=" ">
            <marc:subfield code="a">14.31 cubic feet (12 boxes)</marc:subfield>
        </marc:datafield>
        <marc:datafield tag="500" ind1=" " ind2=" ">
            <marc:subfield code="a">The material described in this catalog record is located in the collections of the University of Washington Libraries (Seattle).</marc:subfield>
        </marc:datafield>
        <marc:datafield tag="545" ind1="1" ind2=" ">
            <marc:subfield code="a">West Coast rank-and-file members of the International Brotherhood of     Pulp, Sulphite and Paper Mill Workers (AFL-CIO) became dissatisfied with the     conduct of wage negotiations by international vice-presidents and those of     another international union, the United Papermakers and Paperworkers, with whom     a Uniform Labor Agreement had been negotiated. In addition to this     dissatisfaction, there was also a feeling that the internationals failed to     adequately understand and address local issues. In response they established a     new union, the Association of Western Pulp and Paper Workers, in 1964.     Litigation followed, and the records document this. A NLRB election was     conducted in October 1964, and the Western organization was certified as the     Uniform Labor Agreement bargaining agent. The AWPPW survived an attempt by the     two internationals to regain their dominance in 1967. As many of the mills     pulled out of the Uniform Labor Agreement after this, contracts were     negotiaited at the mill level which allowed for a greater degree of dealing     with local issues on a mill by mill basis.</marc:subfield>
        </marc:datafield>
        <marc:datafield tag="520" ind1="2" ind2=" ">
            <marc:subfield code="a">Records of legal disputes surrounding the creation of the Association of Western Pulp and Paper Workers (AWP&amp;PW), and related general union records from the pulp and paper industry. The bulk of the records are from lawsuits brought by the international unions after local unions in the pulp and paper industry formed the new union in 1964. There were two major cases. In Phillips vs. Perrin, before an Oregon Court, the international unions prevailed in reclaiming financial assets from the new union. In International Brotherhood vs. Delaney, before a Washington court, the local union succeeded in keeping its property from being seized by the international union from which it had disaffiliated.  In both cases, the AWP&amp;PW based its case on alleged corruption of the international unions and lack of adequate representation in grievances and bargaining, reasoning that the international unions' rights to locals' assets should be forfeited.  Most of the information in the legal files is contained in a large volume of exhibits, which document internal union affairs and collective bargaining from the 1950s on. The exhibits include correspondence, meeting minutes, testimony of union officers, documentation of previous court cases involving the unions and numerous documents related to union democracy. The exhibit lists in each case file are the best guide to the contents of these. The court records involve pleadings, trial transcripts, and case notes. Partial records of a number of related cases from Washington, Oregon and California also contain testimony of union officers and numerous documents.  General union records include founding documents of the AWP&amp;PW, correspondence, meeting minutes, and convention proceedings. Publications in the records include The Amplifier (1961-1964), a rank-and-file newsletter of the West Coast pulp and paper workers, The Rebel (1970-1972), the newspaper of the AWP&amp;PW, and several works on labor relations in the pulp and paper industry. Collective bargaining records comprise minutes of conferences and contract negotiations of the West Coast pulp and paper industry in the 1950s and 1960s.</marc:subfield>
        </marc:datafield>
        <marc:datafield tag="561" ind1=" " ind2=" ">
            <marc:subfield code="a">Acquired 1972.</marc:subfield>
        </marc:datafield>
        <marc:datafield tag="610" ind1="2" ind2="0">
            <marc:subfield code="a">International Brotherhood of Pulp, Sulphite, and Paper Mill Workers.</marc:subfield>
        </marc:datafield>
        <marc:datafield tag="610" ind1="2" ind2="0">
            <marc:subfield code="a">Pacific Coast Association of Pulp and Paper Manufacturers.</marc:subfield>
        </marc:datafield>
        <marc:datafield tag="610" ind1="2" ind2="0">
            <marc:subfield code="a">Weyerhaeuser Company.</marc:subfield>
        </marc:datafield>
        <marc:datafield tag="650" ind1=" " ind2="0">
            <marc:subfield code="a">Lumber trade</marc:subfield>
            <marc:subfield code="z">West (U.S.)</marc:subfield>
        </marc:datafield>
        <marc:datafield tag="650" ind1=" " ind2="0">
            <marc:subfield code="a">Lumbering</marc:subfield>
            <marc:subfield code="z">West (U.S.)</marc:subfield>
        </marc:datafield>
        <marc:datafield tag="650" ind1=" " ind2="0">
            <marc:subfield code="a">Paper industry</marc:subfield>
            <marc:subfield code="z">West (U.S.)</marc:subfield>
        </marc:datafield>
        <marc:datafield tag="650" ind1=" " ind2="0">
            <marc:subfield code="a">Labor unions</marc:subfield>
            <marc:subfield code="z">United States</marc:subfield>
            <marc:subfield code="x">Lumbermen.</marc:subfield>
        </marc:datafield>
        <marc:datafield tag="650" ind1=" " ind2="0">
            <marc:subfield code="a">Labor unions</marc:subfield>
            <marc:subfield code="z">United States</marc:subfield>
            <marc:subfield code="x">Paper industry workers.</marc:subfield>
        </marc:datafield>
        <marc:datafield tag="650" ind1=" " ind2="0">
            <marc:subfield code="a">Labor unions</marc:subfield>
            <marc:subfield code="z">United States</marc:subfield>
            <marc:subfield code="x">Wood-pulp industry workers.</marc:subfield>
        </marc:datafield>
        <marc:datafield tag="650" ind1=" " ind2="0">
            <marc:subfield code="a">Wood-pulp industry</marc:subfield>
            <marc:subfield code="z">West (U.S.)</marc:subfield>
        </marc:datafield>
        <marc:datafield tag="610" ind1="2" ind2="4">
            <marc:subfield code="a">United Papermakers and Paperworkers.</marc:subfield>
            <marc:subfield code="b">Western Organization.</marc:subfield>
        </marc:datafield>
        <marc:datafield tag="650" ind1=" " ind2="4">
            <marc:subfield code="a">Paper industry workers</marc:subfield>
            <marc:subfield code="z">United States.</marc:subfield>
        </marc:datafield>
        <marc:datafield tag="650" ind1=" " ind2="4">
            <marc:subfield code="a">Wood-pulp industry workers</marc:subfield>
            <marc:subfield code="z">United States.</marc:subfield>
        </marc:datafield>
        <marc:datafield tag="651" ind1=" " ind2="4">
            <marc:subfield code="a">West (U.S.)</marc:subfield>
            <marc:subfield code="x">Business, industries, and trades</marc:subfield>
            <marc:subfield code="x">Paper.</marc:subfield>
        </marc:datafield>
        <marc:datafield tag="651" ind1=" " ind2="4">
            <marc:subfield code="a">West (U.S.)</marc:subfield>
            <marc:subfield code="x">Labor.</marc:subfield>
        </marc:datafield>
        <marc:datafield tag="610" ind1="2" ind2="7">
            <marc:subfield code="a">International Brotherhood of Pulp, Sulphite, and Paper Mill Workers.</marc:subfield>
            <marc:subfield code="2">fast</marc:subfield>
            <marc:subfield code="0">(OCoLC)fst00583107</marc:subfield>
        </marc:datafield>
        <marc:datafield tag="610" ind1="2" ind2="7">
            <marc:subfield code="a">Pacific Coast Association of Pulp and Paper Manufacturers.</marc:subfield>
            <marc:subfield code="2">fast</marc:subfield>
            <marc:subfield code="0">(OCoLC)fst00627561</marc:subfield>
        </marc:datafield>
        <marc:datafield tag="610" ind1="2" ind2="7">
            <marc:subfield code="a">Weyerhaeuser Company.</marc:subfield>
            <marc:subfield code="2">fast</marc:subfield>
            <marc:subfield code="0">(OCoLC)fst00517371</marc:subfield>
        </marc:datafield>
        <marc:datafield tag="650" ind1=" " ind2="7">
            <marc:subfield code="a">Lumber trade.</marc:subfield>
            <marc:subfield code="2">fast</marc:subfield>
            <marc:subfield code="0">(OCoLC)fst01003543</marc:subfield>
        </marc:datafield>
        <marc:datafield tag="650" ind1=" " ind2="7">
            <marc:subfield code="a">Lumbering.</marc:subfield>
            <marc:subfield code="2">fast</marc:subfield>
            <marc:subfield code="0">(OCoLC)fst01003596</marc:subfield>
        </marc:datafield>
        <marc:datafield tag="650" ind1=" " ind2="7">
            <marc:subfield code="a">Paper industry.</marc:subfield>
            <marc:subfield code="2">fast</marc:subfield>
            <marc:subfield code="0">(OCoLC)fst01052447</marc:subfield>
        </marc:datafield>
        <marc:datafield tag="650" ind1=" " ind2="7">
            <marc:subfield code="a">Wood-pulp industry.</marc:subfield>
            <marc:subfield code="2">fast</marc:subfield>
            <marc:subfield code="0">(OCoLC)fst01179622</marc:subfield>
        </marc:datafield>
        <marc:datafield tag="651" ind1=" " ind2="7">
            <marc:subfield code="a">United States.</marc:subfield>
            <marc:subfield code="2">fast</marc:subfield>
            <marc:subfield code="0">(OCoLC)fst01204155</marc:subfield>
        </marc:datafield>
        <marc:datafield tag="651" ind1=" " ind2="7">
            <marc:subfield code="a">West United States.</marc:subfield>
            <marc:subfield code="2">fast</marc:subfield>
            <marc:subfield code="0">(OCoLC)fst01243255</marc:subfield>
        </marc:datafield>
        <marc:datafield tag="655" ind1=" " ind2="7">
            <marc:subfield code="a">Briefs.</marc:subfield>
            <marc:subfield code="2">ftamc</marc:subfield>
        </marc:datafield>
        <marc:datafield tag="851" ind1=" " ind2=" ">
            <marc:subfield code="a">University of Washington Libraries</marc:subfield>
            <marc:subfield code="c">(Seattle)</marc:subfield>
        </marc:datafield>
        <marc:datafield tag="856" ind1="4" ind2="2">
            <marc:subfield code="u">https://archiveswest.orbiscascade.org/ark:80444/xv17974</marc:subfield>
            <marc:subfield code="z">Connect to the online finding aid for this collection.</marc:subfield>
        </marc:datafield>
        <marc:datafield tag="049" ind1=" " ind2=" ">
            <marc:subfield code="a">WAUW</marc:subfield>
        </marc:datafield>
    </marc:record>