
    <marc:record>
        <marc:leader>01767cpcaa22001933  4500</marc:leader>
        <marc:controlfield tag="001">793314336</marc:controlfield>
        <marc:controlfield tag="008">120508i19902005xx                  eng d</marc:controlfield>
        <marc:controlfield tag="005">20230628135842.3</marc:controlfield>
        <marc:datafield tag="040" ind1=" " ind2=" ">
            <marc:subfield code="a">WAU</marc:subfield>
            <marc:subfield code="b">eng</marc:subfield>
            <marc:subfield code="c">WAU</marc:subfield>
            <marc:subfield code="d">WAU</marc:subfield>
            <marc:subfield code="d">OCLCQ</marc:subfield>
            <marc:subfield code="d">WAU</marc:subfield>
        </marc:datafield>
        <marc:datafield tag="100" ind1="1" ind2=" ">
            <marc:subfield code="a">Wiley, Barbara</marc:subfield>
            <marc:subfield code="q">(Barbara Beth),</marc:subfield>
            <marc:subfield code="d">1967-</marc:subfield>
        </marc:datafield>
        <marc:datafield tag="245" ind1="1" ind2="0">
            <marc:subfield code="a">Barb Wiley Seattle Worthy Wage Campaign papers</marc:subfield>
            <marc:subfield code="f">1990-2005.</marc:subfield>
        </marc:datafield>
        <marc:datafield tag="300" ind1=" " ind2=" ">
            <marc:subfield code="a">2 cubic ft. (2 boxes)</marc:subfield>
        </marc:datafield>
        <marc:datafield tag="520" ind1="2" ind2=" ">
            <marc:subfield code="a">Grant files; reports and publications regarding childcare; program files regarding workships and activities; historical information regarding the Seattle Worthy Wage Task Force.</marc:subfield>
        </marc:datafield>
        <marc:datafield tag="545" ind1="0" ind2=" ">
            <marc:subfield code="a">Barb Wiley is a childcare worker and an organizer in the Seattle Worthy Wage campaign. She served on the Seattle Worthy Wages Task Force steering committee from the time of its start (1990). The Worthy Wage Task Force was coordinated by the National Center for the Early Childhood Work Force. until 1999. The national campaign, originally intended to last five years, was initiated to draw attention to the importance of child care work and the urgent need to improve compensation and training for child care workers. The campaign was highly successful in creating a network of individuals, advocates, parents. The locally-based campaigns such as the Seattle Worthy Wages Task Force provided resources and technical support, offered leadership training opportunities, and organized an annual retreat. Funding was obtained primarily through grants. Barb Wiley served as principal contact for many of these grants.</marc:subfield>
        </marc:datafield>
        <marc:datafield tag="506" ind1=" " ind2=" ">
            <marc:subfield code="a">Open to all users.</marc:subfield>
        </marc:datafield>
        <marc:datafield tag="540" ind1=" " ind2=" ">
            <marc:subfield code="a">Creator's literary rights transferred to the University of Washington Libraries.</marc:subfield>
        </marc:datafield>
        <marc:datafield tag="500" ind1=" " ind2=" ">
            <marc:subfield code="a">Processing levels vary. Contact the repository for details.</marc:subfield>
        </marc:datafield>
        <marc:datafield tag="856" ind1="4" ind2="2">
            <marc:subfield code="z">Connect to the online finding aid for this collection</marc:subfield>
        </marc:datafield>
        <marc:datafield tag="049" ind1=" " ind2=" ">
            <marc:subfield code="a">WAUW</marc:subfield>
        </marc:datafield>
    </marc:record>