
    <marc:record>
        <marc:leader>01288cpcaa22001813  4500</marc:leader>
        <marc:controlfield tag="001">795928358</marc:controlfield>
        <marc:controlfield tag="008">120620nuuuuuuuuxx                  eng d</marc:controlfield>
        <marc:controlfield tag="005">20220324195742.9</marc:controlfield>
        <marc:datafield tag="040" ind1=" " ind2=" ">
            <marc:subfield code="a">WAU</marc:subfield>
            <marc:subfield code="b">eng</marc:subfield>
            <marc:subfield code="c">WAU</marc:subfield>
            <marc:subfield code="d">WAU</marc:subfield>
            <marc:subfield code="d">OCLCO</marc:subfield>
            <marc:subfield code="d">WAU</marc:subfield>
            <marc:subfield code="d">OCLCO</marc:subfield>
            <marc:subfield code="d">WAU</marc:subfield>
            <marc:subfield code="d">OCLCO</marc:subfield>
        </marc:datafield>
        <marc:datafield tag="100" ind1="1" ind2=" ">
            <marc:subfield code="a">Gorman, Robert,</marc:subfield>
            <marc:subfield code="d">1953 February 11-</marc:subfield>
        </marc:datafield>
        <marc:datafield tag="245" ind1="1" ind2="0">
            <marc:subfield code="a">Robert &quot;Bob&quot; Gorman papers,</marc:subfield>
            <marc:subfield code="f">1986-1987.</marc:subfield>
        </marc:datafield>
        <marc:datafield tag="300" ind1=" " ind2=" ">
            <marc:subfield code="a">0.42 cubic feet (1 box)</marc:subfield>
        </marc:datafield>
        <marc:datafield tag="520" ind1="2" ind2=" ">
            <marc:subfield code="a">Newsclippings, correspondence, subject files, newsletters, and ephemera that Bob Gorman collection during the 1986-1987 Lockheed Shipbuilding Company lockout. Lockheed locked out 13 different local unions affilated with the Metal Trades Council. Part of the collection documents Gorman's work as part of a group to get unemployed benefits for locked out workers by getting legislation passed in the Washington State Legislature that allowed for unemployment benefits from workers locked out of a single employer.</marc:subfield>
        </marc:datafield>
        <marc:datafield tag="545" ind1="0" ind2=" ">
            <marc:subfield code="a">Gorman was a shop steward for the International Brotherhood of Eletrical Workers, Local 46--a maritime electrian's union.</marc:subfield>
        </marc:datafield>
        <marc:datafield tag="506" ind1=" " ind2=" ">
            <marc:subfield code="a">Open to all users</marc:subfield>
        </marc:datafield>
        <marc:datafield tag="540" ind1=" " ind2=" ">
            <marc:subfield code="a">Creator's literary rights transferred to the University of Washington Libraries</marc:subfield>
        </marc:datafield>
        <marc:datafield tag="856" ind1="4" ind2="2">
            <marc:subfield code="u">http://archiveswest.orbiscascade.org/ark:/80444/xv48355</marc:subfield>
            <marc:subfield code="z">Connect to the online finding aid for this collection</marc:subfield>
        </marc:datafield>
        <marc:datafield tag="049" ind1=" " ind2=" ">
            <marc:subfield code="a">WAUW</marc:subfield>
        </marc:datafield>
    </marc:record>