
    <marc:record>
        <marc:leader>05437cpcaa2200817 i 4500</marc:leader>
        <marc:controlfield tag="001">123954581</marc:controlfield>
        <marc:controlfield tag="008">070503i19202013wau                 eng d</marc:controlfield>
        <marc:controlfield tag="005">20220622171947.1</marc:controlfield>
        <marc:datafield tag="040" ind1=" " ind2=" ">
            <marc:subfield code="a">WAU</marc:subfield>
            <marc:subfield code="b">eng</marc:subfield>
            <marc:subfield code="e">dacs</marc:subfield>
            <marc:subfield code="e">rda</marc:subfield>
            <marc:subfield code="c">WAU</marc:subfield>
            <marc:subfield code="d">OCLCQ</marc:subfield>
            <marc:subfield code="d">WAU</marc:subfield>
            <marc:subfield code="d">OCLCF</marc:subfield>
            <marc:subfield code="d">WAU</marc:subfield>
            <marc:subfield code="d">OCLCO</marc:subfield>
        </marc:datafield>
        <marc:datafield tag="046" ind1=" " ind2=" ">
            <marc:subfield code="o">1920</marc:subfield>
            <marc:subfield code="p">2013</marc:subfield>
            <marc:subfield code="2">edtf</marc:subfield>
        </marc:datafield>
        <marc:datafield tag="100" ind1="1" ind2=" ">
            <marc:subfield code="a">Keller, David</marc:subfield>
            <marc:subfield code="q">(David E.),</marc:subfield>
            <marc:subfield code="e">creator.</marc:subfield>
        </marc:datafield>
        <marc:datafield tag="245" ind1="1" ind2="0">
            <marc:subfield code="a">David Keller papers.</marc:subfield>
        </marc:datafield>
        <marc:datafield tag="264" ind1=" " ind2="0">
            <marc:subfield code="c">1920-2013 (bulk 1995-2010)</marc:subfield>
        </marc:datafield>
        <marc:datafield tag="300" ind1=" " ind2=" ">
            <marc:subfield code="a">5.34</marc:subfield>
            <marc:subfield code="f">cubic feet</marc:subfield>
            <marc:subfield code="a">(5 boxes)</marc:subfield>
        </marc:datafield>
        <marc:datafield tag="336" ind1=" " ind2=" ">
            <marc:subfield code="a">spoken word</marc:subfield>
            <marc:subfield code="b">spw</marc:subfield>
            <marc:subfield code="2">rdacontent</marc:subfield>
        </marc:datafield>
        <marc:datafield tag="336" ind1=" " ind2=" ">
            <marc:subfield code="a">text</marc:subfield>
            <marc:subfield code="b">txt</marc:subfield>
            <marc:subfield code="2">rdacontent</marc:subfield>
        </marc:datafield>
        <marc:datafield tag="337" ind1=" " ind2=" ">
            <marc:subfield code="a">audio</marc:subfield>
            <marc:subfield code="b">s</marc:subfield>
            <marc:subfield code="2">rdamedia</marc:subfield>
        </marc:datafield>
        <marc:datafield tag="337" ind1=" " ind2=" ">
            <marc:subfield code="a">unmediated</marc:subfield>
            <marc:subfield code="b">n</marc:subfield>
            <marc:subfield code="2">rdamedia</marc:subfield>
        </marc:datafield>
        <marc:datafield tag="338" ind1=" " ind2=" ">
            <marc:subfield code="a">audiocassette</marc:subfield>
            <marc:subfield code="b">ss</marc:subfield>
            <marc:subfield code="2">rdacarrier</marc:subfield>
        </marc:datafield>
        <marc:datafield tag="338" ind1=" " ind2=" ">
            <marc:subfield code="a">sheet</marc:subfield>
            <marc:subfield code="b">nb</marc:subfield>
            <marc:subfield code="2">rdacarrier</marc:subfield>
        </marc:datafield>
        <marc:datafield tag="500" ind1=" " ind2=" ">
            <marc:subfield code="a">Forms a part of the Labor Archives of Washington.</marc:subfield>
        </marc:datafield>
        <marc:datafield tag="520" ind1="2" ind2=" ">
            <marc:subfield code="a">Materials include research files created by David Keller during his research for &quot;The Blue Note: Seattle's Black Musicians' Union, A Pictorial History&quot; and his MA thesis &quot;Seattle's Segregated Musician's Union, Local 493, 1918-1956&quot; about the American Federation of Musicians (AFM) Local 493 in Seattle, Washington. Research files include photographic prints and negatives; photocopies of photographs; sound recordings from interviews with musicians and informants; correspondence; brochures; fliers; interview transcriptions, notes, and release forms; notes and notebooks; news articles; and essays. Materials also include sound recordings of oral history interviews conducted by Keller, including interviews with jazz musicians Ernie Hatfield and Al Smith, as well as actor and director Douglas Q. Barnett. Also included are marketing and sales records for &quot;The Blue Note&quot; as well as various drafts of the manuscript.</marc:subfield>
        </marc:datafield>
        <marc:datafield tag="506" ind1="1" ind2=" ">
            <marc:subfield code="a">Accession 5321-001 is open to all users. Some materials in Accession 5321-002 exist in a format that is inaccessible to researchers. See additional details for Accession 5321-002 listed in finding aid.</marc:subfield>
        </marc:datafield>
        <marc:datafield tag="540" ind1=" " ind2=" ">
            <marc:subfield code="a">Some restrictions exist on duplication, quotation, or publication. Contact the repository for details.</marc:subfield>
        </marc:datafield>
        <marc:datafield tag="500" ind1=" " ind2=" ">
            <marc:subfield code="a">Processing levels vary. Contact the repository for details.</marc:subfield>
        </marc:datafield>
        <marc:datafield tag="545" ind1="0" ind2=" ">
            <marc:subfield code="a">David Keller is an archivist and historian of jazz and labor history. He is the co-author of &quot;There and Back: The Roy Porter Story&quot; and has written for DownBeat, Jazz Times, COLUMBIA, and BlackPast.org.</marc:subfield>
        </marc:datafield>
        <marc:datafield tag="541" ind1=" " ind2=" ">
            <marc:subfield code="a">Donated by David Keller, November 2001 and February 2018.</marc:subfield>
        </marc:datafield>
        <marc:datafield tag="600" ind1="1" ind2="0">
            <marc:subfield code="a">Keller, David</marc:subfield>
            <marc:subfield code="q">(David E.)</marc:subfield>
            <marc:subfield code="v">Archives.</marc:subfield>
        </marc:datafield>
        <marc:datafield tag="610" ind1="2" ind2="0">
            <marc:subfield code="a">American Federation of Musicians.</marc:subfield>
            <marc:subfield code="b">Union Local 493 (Seattle, Wash.)</marc:subfield>
        </marc:datafield>
        <marc:datafield tag="650" ind1=" " ind2="0">
            <marc:subfield code="a">Segregation</marc:subfield>
            <marc:subfield code="z">Washington (State)</marc:subfield>
            <marc:subfield code="z">Seattle.</marc:subfield>
        </marc:datafield>
        <marc:datafield tag="650" ind1=" " ind2="0">
            <marc:subfield code="a">African American musicians</marc:subfield>
            <marc:subfield code="z">Washington (State)</marc:subfield>
            <marc:subfield code="z">Seattle.</marc:subfield>
        </marc:datafield>
        <marc:datafield tag="650" ind1=" " ind2="0">
            <marc:subfield code="a">Labor unions</marc:subfield>
            <marc:subfield code="z">Washington (State)</marc:subfield>
            <marc:subfield code="z">Seattle.</marc:subfield>
        </marc:datafield>
        <marc:datafield tag="650" ind1=" " ind2="0">
            <marc:subfield code="a">Labor union members</marc:subfield>
            <marc:subfield code="z">Washington (State)</marc:subfield>
            <marc:subfield code="z">Seattle.</marc:subfield>
        </marc:datafield>
        <marc:datafield tag="650" ind1=" " ind2="0">
            <marc:subfield code="a">Labor</marc:subfield>
            <marc:subfield code="z">Washington (State)</marc:subfield>
            <marc:subfield code="z">Seattle.</marc:subfield>
        </marc:datafield>
        <marc:datafield tag="650" ind1=" " ind2="0">
            <marc:subfield code="a">Labor movement</marc:subfield>
            <marc:subfield code="z">Washington (State)</marc:subfield>
            <marc:subfield code="z">Seattle.</marc:subfield>
        </marc:datafield>
        <marc:datafield tag="650" ind1=" " ind2="6">
            <marc:subfield code="a">Ségrégation</marc:subfield>
            <marc:subfield code="0">(CaQQLa)201-0014846</marc:subfield>
            <marc:subfield code="z">Washington (État)</marc:subfield>
            <marc:subfield code="0">(CaQQLa)201-0394837</marc:subfield>
            <marc:subfield code="z">Seattle.</marc:subfield>
            <marc:subfield code="0">(CaQQLa)201-0394837</marc:subfield>
        </marc:datafield>
        <marc:datafield tag="650" ind1=" " ind2="6">
            <marc:subfield code="a">Musiciens noirs américains</marc:subfield>
            <marc:subfield code="0">(CaQQLa)201-0019506</marc:subfield>
            <marc:subfield code="z">Washington (État)</marc:subfield>
            <marc:subfield code="0">(CaQQLa)201-0394837</marc:subfield>
            <marc:subfield code="z">Seattle.</marc:subfield>
            <marc:subfield code="0">(CaQQLa)201-0394837</marc:subfield>
        </marc:datafield>
        <marc:datafield tag="650" ind1=" " ind2="6">
            <marc:subfield code="a">Syndicats</marc:subfield>
            <marc:subfield code="0">(CaQQLa)201-0007001</marc:subfield>
            <marc:subfield code="z">Washington (État)</marc:subfield>
            <marc:subfield code="0">(CaQQLa)201-0394837</marc:subfield>
            <marc:subfield code="z">Seattle.</marc:subfield>
            <marc:subfield code="0">(CaQQLa)201-0394837</marc:subfield>
        </marc:datafield>
        <marc:datafield tag="650" ind1=" " ind2="6">
            <marc:subfield code="a">Syndiqués</marc:subfield>
            <marc:subfield code="0">(CaQQLa)201-0268551</marc:subfield>
            <marc:subfield code="z">Washington (État)</marc:subfield>
            <marc:subfield code="0">(CaQQLa)201-0394837</marc:subfield>
            <marc:subfield code="z">Seattle.</marc:subfield>
            <marc:subfield code="0">(CaQQLa)201-0394837</marc:subfield>
        </marc:datafield>
        <marc:datafield tag="650" ind1=" " ind2="6">
            <marc:subfield code="a">Travail</marc:subfield>
            <marc:subfield code="0">(CaQQLa)201-0093408</marc:subfield>
            <marc:subfield code="z">Washington (État)</marc:subfield>
            <marc:subfield code="0">(CaQQLa)201-0394837</marc:subfield>
            <marc:subfield code="z">Seattle.</marc:subfield>
            <marc:subfield code="0">(CaQQLa)201-0394837</marc:subfield>
        </marc:datafield>
        <marc:datafield tag="650" ind1=" " ind2="6">
            <marc:subfield code="a">Mouvement ouvrier</marc:subfield>
            <marc:subfield code="0">(CaQQLa)201-0078721</marc:subfield>
            <marc:subfield code="z">Washington (État)</marc:subfield>
            <marc:subfield code="0">(CaQQLa)201-0394837</marc:subfield>
            <marc:subfield code="z">Seattle.</marc:subfield>
            <marc:subfield code="0">(CaQQLa)201-0394837</marc:subfield>
        </marc:datafield>
        <marc:datafield tag="650" ind1=" " ind2="7">
            <marc:subfield code="a">African American musicians.</marc:subfield>
            <marc:subfield code="2">fast</marc:subfield>
            <marc:subfield code="0">(OCoLC)fst00799273</marc:subfield>
        </marc:datafield>
        <marc:datafield tag="650" ind1=" " ind2="7">
            <marc:subfield code="a">Labor.</marc:subfield>
            <marc:subfield code="2">fast</marc:subfield>
            <marc:subfield code="0">(OCoLC)fst00989798</marc:subfield>
        </marc:datafield>
        <marc:datafield tag="650" ind1=" " ind2="7">
            <marc:subfield code="a">Labor movement.</marc:subfield>
            <marc:subfield code="2">fast</marc:subfield>
            <marc:subfield code="0">(OCoLC)fst00990079</marc:subfield>
        </marc:datafield>
        <marc:datafield tag="650" ind1=" " ind2="7">
            <marc:subfield code="a">Labor union members.</marc:subfield>
            <marc:subfield code="2">fast</marc:subfield>
            <marc:subfield code="0">(OCoLC)fst00990256</marc:subfield>
        </marc:datafield>
        <marc:datafield tag="650" ind1=" " ind2="7">
            <marc:subfield code="a">Labor unions.</marc:subfield>
            <marc:subfield code="2">fast</marc:subfield>
            <marc:subfield code="0">(OCoLC)fst00990260</marc:subfield>
        </marc:datafield>
        <marc:datafield tag="650" ind1=" " ind2="7">
            <marc:subfield code="a">Segregation.</marc:subfield>
            <marc:subfield code="2">fast</marc:subfield>
            <marc:subfield code="0">(OCoLC)fst01111205</marc:subfield>
        </marc:datafield>
        <marc:datafield tag="651" ind1=" " ind2="7">
            <marc:subfield code="a">Washington (State)</marc:subfield>
            <marc:subfield code="z">Seattle.</marc:subfield>
            <marc:subfield code="2">fast</marc:subfield>
            <marc:subfield code="0">(OCoLC)fst01204940</marc:subfield>
        </marc:datafield>
        <marc:datafield tag="655" ind1=" " ind2="7">
            <marc:subfield code="a">records (documents)</marc:subfield>
            <marc:subfield code="2">aat</marc:subfield>
            <marc:subfield code="0">(CStmoGRI)aatgf300026685</marc:subfield>
        </marc:datafield>
        <marc:datafield tag="655" ind1=" " ind2="7">
            <marc:subfield code="a">business records.</marc:subfield>
            <marc:subfield code="2">aat</marc:subfield>
            <marc:subfield code="0">(CStmoGRI)aatgf300141693</marc:subfield>
        </marc:datafield>
        <marc:datafield tag="655" ind1=" " ind2="7">
            <marc:subfield code="a">letters (correspondence)</marc:subfield>
            <marc:subfield code="2">aat</marc:subfield>
            <marc:subfield code="0">(CStmoGRI)aatgf300026879</marc:subfield>
        </marc:datafield>
        <marc:datafield tag="655" ind1=" " ind2="7">
            <marc:subfield code="a">personal correspondence.</marc:subfield>
            <marc:subfield code="2">aat</marc:subfield>
            <marc:subfield code="0">(CStmoGRI)aatgf300048730</marc:subfield>
        </marc:datafield>
        <marc:datafield tag="655" ind1=" " ind2="7">
            <marc:subfield code="a">printed ephemera.</marc:subfield>
            <marc:subfield code="2">aat</marc:subfield>
            <marc:subfield code="0">(CStmoGRI)aatgf300264821</marc:subfield>
        </marc:datafield>
        <marc:datafield tag="655" ind1=" " ind2="7">
            <marc:subfield code="a">oral histories (literary works)</marc:subfield>
            <marc:subfield code="2">aat</marc:subfield>
            <marc:subfield code="0">(CStmoGRI)aatgf300202595</marc:subfield>
        </marc:datafield>
        <marc:datafield tag="655" ind1=" " ind2="7">
            <marc:subfield code="a">Archives.</marc:subfield>
            <marc:subfield code="2">fast</marc:subfield>
            <marc:subfield code="0">(OCoLC)fst01423700</marc:subfield>
        </marc:datafield>
        <marc:datafield tag="655" ind1=" " ind2="7">
            <marc:subfield code="a">Ephemera.</marc:subfield>
            <marc:subfield code="2">fast</marc:subfield>
            <marc:subfield code="0">(OCoLC)fst01919921</marc:subfield>
        </marc:datafield>
        <marc:datafield tag="655" ind1=" " ind2="7">
            <marc:subfield code="a">Oral histories.</marc:subfield>
            <marc:subfield code="2">fast</marc:subfield>
            <marc:subfield code="0">(OCoLC)fst01726295</marc:subfield>
        </marc:datafield>
        <marc:datafield tag="655" ind1=" " ind2="7">
            <marc:subfield code="a">Personal correspondence.</marc:subfield>
            <marc:subfield code="2">fast</marc:subfield>
            <marc:subfield code="0">(OCoLC)fst01919948</marc:subfield>
        </marc:datafield>
        <marc:datafield tag="655" ind1=" " ind2="7">
            <marc:subfield code="a">Records (Documents)</marc:subfield>
            <marc:subfield code="2">fast</marc:subfield>
            <marc:subfield code="0">(OCoLC)fst01919961</marc:subfield>
        </marc:datafield>
        <marc:datafield tag="655" ind1=" " ind2="7">
            <marc:subfield code="a">Records (Documents)</marc:subfield>
            <marc:subfield code="2">lcgft</marc:subfield>
        </marc:datafield>
        <marc:datafield tag="655" ind1=" " ind2="7">
            <marc:subfield code="a">Personal correspondence.</marc:subfield>
            <marc:subfield code="2">lcgft</marc:subfield>
        </marc:datafield>
        <marc:datafield tag="655" ind1=" " ind2="7">
            <marc:subfield code="a">Ephemera.</marc:subfield>
            <marc:subfield code="2">lcgft</marc:subfield>
        </marc:datafield>
        <marc:datafield tag="655" ind1=" " ind2="7">
            <marc:subfield code="a">Oral histories.</marc:subfield>
            <marc:subfield code="2">lcgft</marc:subfield>
        </marc:datafield>
        <marc:datafield tag="655" ind1=" " ind2="7">
            <marc:subfield code="a">Documents administratifs.</marc:subfield>
            <marc:subfield code="2">rvmgf</marc:subfield>
            <marc:subfield code="0">(CaQQLa)RVMGF-000001054</marc:subfield>
        </marc:datafield>
        <marc:datafield tag="655" ind1=" " ind2="7">
            <marc:subfield code="a">Correspondance privée.</marc:subfield>
            <marc:subfield code="2">rvmgf</marc:subfield>
            <marc:subfield code="0">(CaQQLa)RVMGF-000001056</marc:subfield>
        </marc:datafield>
        <marc:datafield tag="655" ind1=" " ind2="7">
            <marc:subfield code="a">Documents éphémères.</marc:subfield>
            <marc:subfield code="2">rvmgf</marc:subfield>
            <marc:subfield code="0">(CaQQLa)RVMGF-000001046</marc:subfield>
        </marc:datafield>
        <marc:datafield tag="655" ind1=" " ind2="7">
            <marc:subfield code="a">Histoires orales.</marc:subfield>
            <marc:subfield code="2">rvmgf</marc:subfield>
            <marc:subfield code="0">(CaQQLa)RVMGF-000312406</marc:subfield>
        </marc:datafield>
        <marc:datafield tag="710" ind1="2" ind2=" ">
            <marc:subfield code="a">Labor Archives of Washington,</marc:subfield>
            <marc:subfield code="e">curator.</marc:subfield>
        </marc:datafield>
        <marc:datafield tag="740" ind1="0" ind2=" ">
            <marc:subfield code="a">acc5321-002</marc:subfield>
        </marc:datafield>
        <marc:datafield tag="856" ind1="4" ind2="2">
            <marc:subfield code="u">http://archiveswest.orbiscascade.org/ark:/80444/xv56829</marc:subfield>
            <marc:subfield code="z">Connect to the online finding aid for this collection.</marc:subfield>
        </marc:datafield>
        <marc:datafield tag="049" ind1=" " ind2=" ">
            <marc:subfield code="a">WAUW</marc:subfield>
        </marc:datafield>
    </marc:record>