
    <marc:record>
        <marc:leader>02016cpcaa2200241Ii 4500</marc:leader>
        <marc:controlfield tag="001">900230900</marc:controlfield>
        <marc:controlfield tag="008">150115i19992001xx                  eng d</marc:controlfield>
        <marc:controlfield tag="005">20220507164705.5</marc:controlfield>
        <marc:datafield tag="040" ind1=" " ind2=" ">
            <marc:subfield code="a">WAU</marc:subfield>
            <marc:subfield code="b">eng</marc:subfield>
            <marc:subfield code="c">WAU</marc:subfield>
            <marc:subfield code="d">WAU</marc:subfield>
            <marc:subfield code="d">OCLCQ</marc:subfield>
            <marc:subfield code="d">WAU</marc:subfield>
            <marc:subfield code="d">OCLCF</marc:subfield>
            <marc:subfield code="d">WAU</marc:subfield>
            <marc:subfield code="d">OCL</marc:subfield>
            <marc:subfield code="d">OCLCO</marc:subfield>
        </marc:datafield>
        <marc:datafield tag="110" ind1="2" ind2=" ">
            <marc:subfield code="a">Independent Media Center,</marc:subfield>
            <marc:subfield code="e">creator.</marc:subfield>
        </marc:datafield>
        <marc:datafield tag="245" ind1="1" ind2="0">
            <marc:subfield code="a">Independent Media Center materials regarding the WTO 1999 Seattle Ministerial Conference protests.</marc:subfield>
        </marc:datafield>
        <marc:datafield tag="264" ind1=" " ind2="1">
            <marc:subfield code="c">1999-2001.</marc:subfield>
        </marc:datafield>
        <marc:datafield tag="300" ind1=" " ind2=" ">
            <marc:subfield code="a">1.59 cubic feet</marc:subfield>
            <marc:subfield code="a">(2 boxes)</marc:subfield>
        </marc:datafield>
        <marc:datafield tag="545" ind1="1" ind2=" ">
            <marc:subfield code="a">The Independent Media Center is an an international network of journalists that report on political and social issues. It was founded during the Seattle anti-WTO protests in 1999, employing an open publishing and democratic media process that allows anybody to contribute. The Independent Media Center Seattle gathered these materials in creating a documentary on the 1999 Seattle World Trade Organization Ministerial Conference protests. The resulting documentary was called &quot;Showdown in Seattle : five days that shook the WTO.&quot; These materials were left behind by IndyMedia when they moved out of the ScanTV public access television building in Seattle. Ed Escalana gathered these materials and donated them to the UW Libraries.</marc:subfield>
        </marc:datafield>
        <marc:datafield tag="520" ind1="2" ind2=" ">
            <marc:subfield code="a">The Independent Media Center Seattle gathered these materials in creating a documentary on the 1999 Seattle World Trade Organization Ministerial Conference protests. Materials include ephemera from the WTO protests, marketing materials for the documentary.</marc:subfield>
        </marc:datafield>
        <marc:datafield tag="506" ind1=" " ind2=" ">
            <marc:subfield code="a">Open to all users.</marc:subfield>
        </marc:datafield>
        <marc:datafield tag="540" ind1=" " ind2=" ">
            <marc:subfield code="a">Rights governing reproduction and publication not known.</marc:subfield>
        </marc:datafield>
        <marc:datafield tag="610" ind1="2" ind2="0">
            <marc:subfield code="a">Independent Media Center.</marc:subfield>
        </marc:datafield>
        <marc:datafield tag="610" ind1="2" ind2="0">
            <marc:subfield code="a">World Trade Organization.</marc:subfield>
            <marc:subfield code="b">Ministerial Conference</marc:subfield>
            <marc:subfield code="n">(3rd :</marc:subfield>
            <marc:subfield code="d">1999 :</marc:subfield>
            <marc:subfield code="c">Seattle, Wash.)</marc:subfield>
        </marc:datafield>
        <marc:datafield tag="610" ind1="2" ind2="7">
            <marc:subfield code="a">Independent Media Center.</marc:subfield>
            <marc:subfield code="2">fast</marc:subfield>
            <marc:subfield code="0">(OCoLC)fst00766601</marc:subfield>
        </marc:datafield>
        <marc:datafield tag="610" ind1="2" ind2="7">
            <marc:subfield code="a">World Trade Organization.</marc:subfield>
            <marc:subfield code="b">Ministerial Conference.</marc:subfield>
            <marc:subfield code="2">fast</marc:subfield>
            <marc:subfield code="0">(OCoLC)fst00733339</marc:subfield>
        </marc:datafield>
        <marc:datafield tag="856" ind1="4" ind2="2">
            <marc:subfield code="u">http://archiveswest.orbiscascade.org/ark:/80444/xv47940</marc:subfield>
            <marc:subfield code="z">Connect to the online finding aid for this collection</marc:subfield>
        </marc:datafield>
        <marc:datafield tag="049" ind1=" " ind2=" ">
            <marc:subfield code="a">WAUW</marc:subfield>
        </marc:datafield>
    </marc:record>