
    <marc:record>
        <marc:leader>00921cpcaa22002057a 4500</marc:leader>
        <marc:controlfield tag="001">123953191</marc:controlfield>
        <marc:controlfield tag="008">070503i19361957xx                  eng d</marc:controlfield>
        <marc:controlfield tag="005">20230628150456.6</marc:controlfield>
        <marc:datafield tag="040" ind1=" " ind2=" ">
            <marc:subfield code="a">WAU</marc:subfield>
            <marc:subfield code="b">eng</marc:subfield>
            <marc:subfield code="c">WAU</marc:subfield>
            <marc:subfield code="d">WAU</marc:subfield>
            <marc:subfield code="d">OCLCO</marc:subfield>
            <marc:subfield code="d">OCLCQ</marc:subfield>
            <marc:subfield code="d">OCLCO</marc:subfield>
            <marc:subfield code="d">WAU</marc:subfield>
        </marc:datafield>
        <marc:datafield tag="100" ind1="1" ind2=" ">
            <marc:subfield code="a">O'Connor, Harvey,</marc:subfield>
            <marc:subfield code="d">1897-1987.</marc:subfield>
        </marc:datafield>
        <marc:datafield tag="245" ind1="1" ind2="0">
            <marc:subfield code="a">Harvey O'Connor papers,</marc:subfield>
            <marc:subfield code="f">1936-1957.</marc:subfield>
        </marc:datafield>
        <marc:datafield tag="300" ind1=" " ind2=" ">
            <marc:subfield code="a">approximately .03 cubic ft.</marc:subfield>
        </marc:datafield>
        <marc:datafield tag="520" ind1="2" ind2=" ">
            <marc:subfield code="a">Financial records, other.</marc:subfield>
        </marc:datafield>
        <marc:datafield tag="506" ind1=" " ind2=" ">
            <marc:subfield code="a">Access may be restricted. Contact Special Collections for details.</marc:subfield>
        </marc:datafield>
        <marc:datafield tag="540" ind1=" " ind2=" ">
            <marc:subfield code="a">Some restrictions exist on duplication, quotation, or publication. Contact the repository for details.</marc:subfield>
        </marc:datafield>
        <marc:datafield tag="500" ind1=" " ind2=" ">
            <marc:subfield code="a">Processing levels vary. Contact the repository for details.</marc:subfield>
        </marc:datafield>
        <marc:datafield tag="545" ind1="0" ind2=" ">
            <marc:subfield code="a">Political activist.</marc:subfield>
        </marc:datafield>
        <marc:datafield tag="555" ind1="0" ind2=" ">
            <marc:subfield code="a">Finding aid available in the repository and on the World Wide Web.</marc:subfield>
        </marc:datafield>
        <marc:datafield tag="856" ind1="4" ind2="2">
            <marc:subfield code="u">https://archiveswest.orbiscascade.org/ark:80444/xv50836</marc:subfield>
            <marc:subfield code="z">Connect to the online finding aid for this collection.</marc:subfield>
        </marc:datafield>
        <marc:datafield tag="049" ind1=" " ind2=" ">
            <marc:subfield code="a">WAUW</marc:subfield>
        </marc:datafield>
    </marc:record>