
    <marc:record>
        <marc:leader>03950ctmaa2200577 i 4500</marc:leader>
        <marc:controlfield tag="001">1225203736</marc:controlfield>
        <marc:controlfield tag="008">201203t20052017wau     o     000 0 eng d</marc:controlfield>
        <marc:controlfield tag="005">20220624044804.3</marc:controlfield>
        <marc:datafield tag="040" ind1=" " ind2=" ">
            <marc:subfield code="a">WAU</marc:subfield>
            <marc:subfield code="b">eng</marc:subfield>
            <marc:subfield code="e">rda</marc:subfield>
            <marc:subfield code="e">dacs</marc:subfield>
            <marc:subfield code="c">WAU</marc:subfield>
            <marc:subfield code="d">WAU</marc:subfield>
            <marc:subfield code="d">OCLCO</marc:subfield>
            <marc:subfield code="d">WAU</marc:subfield>
            <marc:subfield code="d">OCLCO</marc:subfield>
            <marc:subfield code="d">OCLCF</marc:subfield>
            <marc:subfield code="d">WAU</marc:subfield>
            <marc:subfield code="d">OCLCO</marc:subfield>
            <marc:subfield code="d">WAU</marc:subfield>
            <marc:subfield code="d">OCLCO</marc:subfield>
        </marc:datafield>
        <marc:datafield tag="041" ind1="0" ind2=" ">
            <marc:subfield code="h">eng</marc:subfield>
        </marc:datafield>
        <marc:datafield tag="046" ind1=" " ind2=" ">
            <marc:subfield code="k">2005</marc:subfield>
            <marc:subfield code="2">edtf</marc:subfield>
        </marc:datafield>
        <marc:datafield tag="046" ind1=" " ind2=" ">
            <marc:subfield code="k">2017</marc:subfield>
            <marc:subfield code="2">edtf</marc:subfield>
        </marc:datafield>
        <marc:datafield tag="100" ind1="1" ind2=" ">
            <marc:subfield code="a">Costantini, Peter,</marc:subfield>
            <marc:subfield code="d">1950-</marc:subfield>
            <marc:subfield code="e">author.</marc:subfield>
        </marc:datafield>
        <marc:datafield tag="245" ind1="1" ind2="0">
            <marc:subfield code="a">Peter Costantini manuscript of &quot;The Whacking of Ship Scalers Local 541&quot;.</marc:subfield>
        </marc:datafield>
        <marc:datafield tag="264" ind1=" " ind2="0">
            <marc:subfield code="c">2005, 2017.</marc:subfield>
        </marc:datafield>
        <marc:datafield tag="300" ind1=" " ind2=" ">
            <marc:subfield code="a">1 online resource (24 pages) ;</marc:subfield>
            <marc:subfield code="c">214 kilobytes</marc:subfield>
        </marc:datafield>
        <marc:datafield tag="336" ind1=" " ind2=" ">
            <marc:subfield code="a">text</marc:subfield>
            <marc:subfield code="b">txt</marc:subfield>
            <marc:subfield code="2">rdacontent</marc:subfield>
        </marc:datafield>
        <marc:datafield tag="337" ind1=" " ind2=" ">
            <marc:subfield code="a">computer</marc:subfield>
            <marc:subfield code="b">c</marc:subfield>
            <marc:subfield code="2">rdamedia</marc:subfield>
        </marc:datafield>
        <marc:datafield tag="338" ind1=" " ind2=" ">
            <marc:subfield code="a">online resource</marc:subfield>
            <marc:subfield code="b">cr</marc:subfield>
            <marc:subfield code="2">rdacarrier</marc:subfield>
        </marc:datafield>
        <marc:datafield tag="347" ind1=" " ind2=" ">
            <marc:subfield code="b">PDF</marc:subfield>
        </marc:datafield>
        <marc:datafield tag="347" ind1=" " ind2=" ">
            <marc:subfield code="a">text file</marc:subfield>
            <marc:subfield code="2">rdaft</marc:subfield>
        </marc:datafield>
        <marc:datafield tag="546" ind1=" " ind2=" ">
            <marc:subfield code="a">In English.</marc:subfield>
        </marc:datafield>
        <marc:datafield tag="540" ind1=" " ind2=" ">
            <marc:subfield code="a">Includes bibliographies.</marc:subfield>
        </marc:datafield>
        <marc:datafield tag="545" ind1="0" ind2=" ">
            <marc:subfield code="a">Peter Costantini is a former ship scaler and was a member of Local 541 in 1977 and 1978 working at Todd Shipyards, later moving to construction in Laborers Local 242.</marc:subfield>
        </marc:datafield>
        <marc:datafield tag="520" ind1="2" ind2=" ">
            <marc:subfield code="a">PDF of article written by Peter Costantini in 2000, and revised to include citations in 2005 and 2017.  The article is about Ship Scalers, Dry Dock &amp; Miscellaneous Boat Yard Workers Union, Local 541 and its battle with its international union, the Laborers' International Union of North America. In the late 1970s, disaffected rank-and-file members created a reform movement. In 1980, its leaders were elected to change the local union. Local leaders continued to battle with the LIUNA International leadership until the International took jurisdiction over all the major shipyards away from the Seattle local and gave it to Local 252 in Tacoma. This was possible because contracts for these yards were negotiated by the International rather than the Local. This effectively ended Local 541.</marc:subfield>
        </marc:datafield>
        <marc:datafield tag="506" ind1=" " ind2=" ">
            <marc:subfield code="a">The article is entirely digital and can be viewed on the Libraries Research Works website.</marc:subfield>
        </marc:datafield>
        <marc:datafield tag="540" ind1=" " ind2=" ">
            <marc:subfield code="a">Creator's copyrights transferred to the University of Washington Libraries Special Collections.</marc:subfield>
        </marc:datafield>
        <marc:datafield tag="541" ind1=" " ind2=" ">
            <marc:subfield code="a">Received from Peter Costantini in 2017.</marc:subfield>
        </marc:datafield>
        <marc:datafield tag="500" ind1=" " ind2=" ">
            <marc:subfield code="a">Forms a part of the Labor Archives of Washington.</marc:subfield>
        </marc:datafield>
        <marc:datafield tag="610" ind1="2" ind2="0">
            <marc:subfield code="a">Ship Scalers, Dry Dock, and Boat Yard Workers Union.</marc:subfield>
            <marc:subfield code="b">Local 541 (Seattle, Wash.)</marc:subfield>
            <marc:subfield code="x">History</marc:subfield>
            <marc:subfield code="v">Sources.</marc:subfield>
        </marc:datafield>
        <marc:datafield tag="650" ind1=" " ind2="0">
            <marc:subfield code="a">Shipbuilding industry</marc:subfield>
            <marc:subfield code="x">Employees.</marc:subfield>
        </marc:datafield>
        <marc:datafield tag="650" ind1=" " ind2="0">
            <marc:subfield code="a">Labor unions</marc:subfield>
            <marc:subfield code="z">United States</marc:subfield>
            <marc:subfield code="x">History</marc:subfield>
            <marc:subfield code="v">Sources.</marc:subfield>
        </marc:datafield>
        <marc:datafield tag="650" ind1=" " ind2="0">
            <marc:subfield code="a">Labor union members</marc:subfield>
            <marc:subfield code="z">United States</marc:subfield>
            <marc:subfield code="x">History</marc:subfield>
            <marc:subfield code="v">Sources.</marc:subfield>
        </marc:datafield>
        <marc:datafield tag="650" ind1=" " ind2="0">
            <marc:subfield code="a">African American labor union members</marc:subfield>
            <marc:subfield code="z">United States</marc:subfield>
            <marc:subfield code="x">History</marc:subfield>
            <marc:subfield code="v">Sources.</marc:subfield>
        </marc:datafield>
        <marc:datafield tag="650" ind1=" " ind2="0">
            <marc:subfield code="a">Labor movement</marc:subfield>
            <marc:subfield code="z">United States</marc:subfield>
            <marc:subfield code="x">History</marc:subfield>
            <marc:subfield code="v">Sources.</marc:subfield>
        </marc:datafield>
        <marc:datafield tag="650" ind1=" " ind2="6">
            <marc:subfield code="a">Syndiqués</marc:subfield>
            <marc:subfield code="0">(CaQQLa)201-0329286</marc:subfield>
            <marc:subfield code="z">États-Unis</marc:subfield>
            <marc:subfield code="0">(CaQQLa)201-0329286</marc:subfield>
            <marc:subfield code="x">Histoire</marc:subfield>
            <marc:subfield code="0">(CaQQLa)201-0382350</marc:subfield>
            <marc:subfield code="v">Sources.</marc:subfield>
            <marc:subfield code="0">(CaQQLa)201-0382350</marc:subfield>
        </marc:datafield>
        <marc:datafield tag="650" ind1=" " ind2="6">
            <marc:subfield code="a">Syndiqués noirs américains</marc:subfield>
            <marc:subfield code="0">(CaQQLa)201-0074590</marc:subfield>
            <marc:subfield code="z">États-Unis</marc:subfield>
            <marc:subfield code="0">(CaQQLa)201-0407727</marc:subfield>
            <marc:subfield code="x">Histoire</marc:subfield>
            <marc:subfield code="0">(CaQQLa)201-0382350</marc:subfield>
            <marc:subfield code="v">Sources.</marc:subfield>
            <marc:subfield code="0">(CaQQLa)201-0382350</marc:subfield>
        </marc:datafield>
        <marc:datafield tag="650" ind1=" " ind2="6">
            <marc:subfield code="a">Mouvement ouvrier</marc:subfield>
            <marc:subfield code="0">(CaQQLa)201-0078721</marc:subfield>
            <marc:subfield code="z">États-Unis</marc:subfield>
            <marc:subfield code="0">(CaQQLa)201-0407727</marc:subfield>
            <marc:subfield code="x">Histoire</marc:subfield>
            <marc:subfield code="0">(CaQQLa)201-0382350</marc:subfield>
            <marc:subfield code="v">Sources.</marc:subfield>
            <marc:subfield code="0">(CaQQLa)201-0382350</marc:subfield>
        </marc:datafield>
        <marc:datafield tag="650" ind1=" " ind2="7">
            <marc:subfield code="a">African American labor union members.</marc:subfield>
            <marc:subfield code="2">fast</marc:subfield>
            <marc:subfield code="0">(OCoLC)fst00799214</marc:subfield>
        </marc:datafield>
        <marc:datafield tag="650" ind1=" " ind2="7">
            <marc:subfield code="a">Labor movement.</marc:subfield>
            <marc:subfield code="2">fast</marc:subfield>
            <marc:subfield code="0">(OCoLC)fst00990079</marc:subfield>
        </marc:datafield>
        <marc:datafield tag="650" ind1=" " ind2="7">
            <marc:subfield code="a">Labor union members.</marc:subfield>
            <marc:subfield code="2">fast</marc:subfield>
            <marc:subfield code="0">(OCoLC)fst00990256</marc:subfield>
        </marc:datafield>
        <marc:datafield tag="650" ind1=" " ind2="7">
            <marc:subfield code="a">Labor unions.</marc:subfield>
            <marc:subfield code="2">fast</marc:subfield>
            <marc:subfield code="0">(OCoLC)fst00990260</marc:subfield>
        </marc:datafield>
        <marc:datafield tag="650" ind1=" " ind2="7">
            <marc:subfield code="a">Shipbuilding industry</marc:subfield>
            <marc:subfield code="x">Employees.</marc:subfield>
            <marc:subfield code="2">fast</marc:subfield>
            <marc:subfield code="0">(OCoLC)fst01116277</marc:subfield>
        </marc:datafield>
        <marc:datafield tag="651" ind1=" " ind2="7">
            <marc:subfield code="a">United States.</marc:subfield>
            <marc:subfield code="2">fast</marc:subfield>
            <marc:subfield code="0">(OCoLC)fst01204155</marc:subfield>
        </marc:datafield>
        <marc:datafield tag="655" ind1=" " ind2="7">
            <marc:subfield code="a">History.</marc:subfield>
            <marc:subfield code="2">fast</marc:subfield>
            <marc:subfield code="0">(OCoLC)fst01411628</marc:subfield>
        </marc:datafield>
        <marc:datafield tag="655" ind1=" " ind2="7">
            <marc:subfield code="a">Sources.</marc:subfield>
            <marc:subfield code="2">fast</marc:subfield>
            <marc:subfield code="0">(OCoLC)fst01423900</marc:subfield>
        </marc:datafield>
        <marc:datafield tag="700" ind1="1" ind2=" ">
            <marc:subfield code="i">Container of (work):</marc:subfield>
            <marc:subfield code="a">Costantini, Peter,</marc:subfield>
            <marc:subfield code="d">1950-</marc:subfield>
            <marc:subfield code="t">Whacking of Ship Scalers Local 541.</marc:subfield>
        </marc:datafield>
        <marc:datafield tag="710" ind1="2" ind2=" ">
            <marc:subfield code="a">Labor Archives of Washington,</marc:subfield>
            <marc:subfield code="e">curator.</marc:subfield>
        </marc:datafield>
        <marc:datafield tag="856" ind1="4" ind2="2">
            <marc:subfield code="u">http://archiveswest.orbiscascade.org/ark:/80444/xv286315</marc:subfield>
            <marc:subfield code="z">Connect to the online finding aid for this resource</marc:subfield>
        </marc:datafield>
        <marc:datafield tag="856" ind1="4" ind2="2">
            <marc:subfield code="u">https://digital.lib.washington.edu/researchworks/handle/1773/41648</marc:subfield>
            <marc:subfield code="z">Connect to Whacking of Ship Scalers Local 541.</marc:subfield>
        </marc:datafield>
        <marc:datafield tag="049" ind1=" " ind2=" ">
            <marc:subfield code="a">WAUW</marc:subfield>
        </marc:datafield>
    </marc:record>