
    <marc:record>
        <marc:leader>01081cpcaa22001813  4500</marc:leader>
        <marc:controlfield tag="001">858588305</marc:controlfield>
        <marc:controlfield tag="008">130918i19331956xx                  eng d</marc:controlfield>
        <marc:controlfield tag="005">20220323064549.2</marc:controlfield>
        <marc:datafield tag="040" ind1=" " ind2=" ">
            <marc:subfield code="a">WAU</marc:subfield>
            <marc:subfield code="b">eng</marc:subfield>
            <marc:subfield code="c">WAU</marc:subfield>
            <marc:subfield code="d">WAU</marc:subfield>
            <marc:subfield code="d">OCLCQ</marc:subfield>
            <marc:subfield code="d">WAU</marc:subfield>
            <marc:subfield code="d">OCLCO</marc:subfield>
        </marc:datafield>
        <marc:datafield tag="100" ind1="1" ind2=" ">
            <marc:subfield code="a">Gallacci, John,</marc:subfield>
            <marc:subfield code="d">1901-1982.</marc:subfield>
        </marc:datafield>
        <marc:datafield tag="245" ind1="1" ind2="0">
            <marc:subfield code="a">John Gallacci papers,</marc:subfield>
            <marc:subfield code="f">1933-1956</marc:subfield>
            <marc:subfield code="g">(bulk: 1936-1951).</marc:subfield>
        </marc:datafield>
        <marc:datafield tag="300" ind1=" " ind2=" ">
            <marc:subfield code="a">1 vertical file</marc:subfield>
        </marc:datafield>
        <marc:datafield tag="520" ind1="2" ind2=" ">
            <marc:subfield code="a">Papers of a former secretary-treasurer of the International Longshoremen's Assocation, Local 38-86 (Port Angeles, Washington).</marc:subfield>
        </marc:datafield>
        <marc:datafield tag="545" ind1="0" ind2=" ">
            <marc:subfield code="a">John David Gallacci (1901-1982) was a charter member of the International Longhoremen's Association, Local 38-86 (Port Angeles, Washington). Gallacci served as Secretary Treasurer before retiring and took a withdrawal in 1952. Gallacci participated in the maritime strikes of 1934 and 1936-1937, and eventually became Secretary-Treasurer of Local 38-86.</marc:subfield>
        </marc:datafield>
        <marc:datafield tag="506" ind1=" " ind2=" ">
            <marc:subfield code="a">Open to all users.</marc:subfield>
        </marc:datafield>
        <marc:datafield tag="540" ind1=" " ind2=" ">
            <marc:subfield code="a">Creator's literary rights undetermined.</marc:subfield>
        </marc:datafield>
        <marc:datafield tag="856" ind1="4" ind2="2">
            <marc:subfield code="u">http://archiveswest.orbiscascade.org/ark:/80444/xv04248</marc:subfield>
            <marc:subfield code="z">Connect to the online finding aid for this collection</marc:subfield>
        </marc:datafield>
        <marc:datafield tag="049" ind1=" " ind2=" ">
            <marc:subfield code="a">WAUW</marc:subfield>
        </marc:datafield>
    </marc:record>