
    <marc:record>
        <marc:leader>06999cpcaa2201021 i 4500</marc:leader>
        <marc:controlfield tag="001">681656233</marc:controlfield>
        <marc:controlfield tag="008">101116i19052003wau                 eng d</marc:controlfield>
        <marc:controlfield tag="005">20220617174409.8</marc:controlfield>
        <marc:datafield tag="040" ind1=" " ind2=" ">
            <marc:subfield code="a">WAU</marc:subfield>
            <marc:subfield code="b">eng</marc:subfield>
            <marc:subfield code="e">rda</marc:subfield>
            <marc:subfield code="e">dacs</marc:subfield>
            <marc:subfield code="c">WAU</marc:subfield>
            <marc:subfield code="d">WAU</marc:subfield>
            <marc:subfield code="d">OCLCQ</marc:subfield>
            <marc:subfield code="d">WAU</marc:subfield>
            <marc:subfield code="d">OCLCF</marc:subfield>
            <marc:subfield code="d">WAU</marc:subfield>
            <marc:subfield code="d">OCLCO</marc:subfield>
            <marc:subfield code="d">WAU</marc:subfield>
            <marc:subfield code="d">OCLCO</marc:subfield>
        </marc:datafield>
        <marc:datafield tag="043" ind1=" " ind2=" ">
            <marc:subfield code="a">n-us-wa</marc:subfield>
            <marc:subfield code="a">n-us-or</marc:subfield>
            <marc:subfield code="a">n-us-id</marc:subfield>
        </marc:datafield>
        <marc:datafield tag="046" ind1=" " ind2=" ">
            <marc:subfield code="o">1905</marc:subfield>
            <marc:subfield code="p">2003</marc:subfield>
            <marc:subfield code="2">edtf</marc:subfield>
        </marc:datafield>
        <marc:datafield tag="110" ind1="2" ind2=" ">
            <marc:subfield code="a">International Brotherhood of Electrical Workers.</marc:subfield>
            <marc:subfield code="b">Local 77 (Seattle, Wash.),</marc:subfield>
            <marc:subfield code="e">creator.</marc:subfield>
        </marc:datafield>
        <marc:datafield tag="245" ind1="1" ind2="0">
            <marc:subfield code="a">International Brotherhood of Electrical Workers, Local 77 records.</marc:subfield>
        </marc:datafield>
        <marc:datafield tag="264" ind1=" " ind2="0">
            <marc:subfield code="c">1905-2003.</marc:subfield>
        </marc:datafield>
        <marc:datafield tag="300" ind1=" " ind2=" ">
            <marc:subfield code="a">14</marc:subfield>
            <marc:subfield code="f">cubic feet</marc:subfield>
            <marc:subfield code="a">(14 boxes)</marc:subfield>
        </marc:datafield>
        <marc:datafield tag="336" ind1=" " ind2=" ">
            <marc:subfield code="a">text</marc:subfield>
            <marc:subfield code="b">txt</marc:subfield>
            <marc:subfield code="2">rdacontent</marc:subfield>
        </marc:datafield>
        <marc:datafield tag="337" ind1=" " ind2=" ">
            <marc:subfield code="a">unmediated</marc:subfield>
            <marc:subfield code="b">n</marc:subfield>
            <marc:subfield code="2">rdamedia</marc:subfield>
        </marc:datafield>
        <marc:datafield tag="338" ind1=" " ind2=" ">
            <marc:subfield code="a">sheet</marc:subfield>
            <marc:subfield code="b">nb</marc:subfield>
            <marc:subfield code="2">rdacarrier</marc:subfield>
        </marc:datafield>
        <marc:datafield tag="351" ind1=" " ind2=" ">
            <marc:subfield code="a">Series I. Meeting minutes, 1897-1988 (subseries are organized by Local 77 units); series II: Contacts, 1936-2003.</marc:subfield>
        </marc:datafield>
        <marc:datafield tag="386" ind1=" " ind2=" ">
            <marc:subfield code="a">Americans</marc:subfield>
            <marc:subfield code="a">Washingtonians (Washington State)</marc:subfield>
            <marc:subfield code="2">lcdgt</marc:subfield>
        </marc:datafield>
        <marc:datafield tag="386" ind1=" " ind2=" ">
            <marc:subfield code="a">Oregonians</marc:subfield>
            <marc:subfield code="a">Idahoans</marc:subfield>
        </marc:datafield>
        <marc:datafield tag="500" ind1=" " ind2=" ">
            <marc:subfield code="a">Forms part of the Labor Archives of Washington.</marc:subfield>
        </marc:datafield>
        <marc:datafield tag="520" ind1="2" ind2=" ">
            <marc:subfield code="a">Minute books (1905-96), and contract files (1936-2003).</marc:subfield>
        </marc:datafield>
        <marc:datafield tag="545" ind1="1" ind2=" ">
            <marc:subfield code="a">On August 28, 1897, IBEW Local 77 was granted their charter. Local 77 is one of the largest IBEW Local Unions within the United States, representing the State of Washington, parts of Idaho, and Montana. Their membership represents a variety of classifications within the electrical industry, including Journeyman Linemen, Journeyman Line Clearance Tree Trimmers, Journeyman Metermen, Journeyman Cablesplicers, Power Dispatchers, Customer Service Representatives, Call Center Responders, Protection Relay System Operators, Journeyman Substation Wiremen, and Journeyman Hydro Operators, and more.</marc:subfield>
        </marc:datafield>
        <marc:datafield tag="506" ind1=" " ind2=" ">
            <marc:subfield code="a">Open to all users.</marc:subfield>
        </marc:datafield>
        <marc:datafield tag="540" ind1=" " ind2=" ">
            <marc:subfield code="a">Creator's literary rights transferred to the University of Washington Libraries.</marc:subfield>
        </marc:datafield>
        <marc:datafield tag="541" ind1=" " ind2=" ">
            <marc:subfield code="c">Received:</marc:subfield>
            <marc:subfield code="d">December 11, 2007.</marc:subfield>
        </marc:datafield>
        <marc:datafield tag="546" ind1=" " ind2=" ">
            <marc:subfield code="a">Collection materials are in English.</marc:subfield>
        </marc:datafield>
        <marc:datafield tag="610" ind1="2" ind2="0">
            <marc:subfield code="a">International Brotherhood of Electrical Workers.</marc:subfield>
            <marc:subfield code="b">Local 77 (Seattle, Wash.)</marc:subfield>
            <marc:subfield code="v">Archives.</marc:subfield>
        </marc:datafield>
        <marc:datafield tag="650" ind1=" " ind2="0">
            <marc:subfield code="a">Electric industry workers</marc:subfield>
            <marc:subfield code="x">Labor unions</marc:subfield>
            <marc:subfield code="z">Washington (State)</marc:subfield>
            <marc:subfield code="x">Archives.</marc:subfield>
        </marc:datafield>
        <marc:datafield tag="650" ind1=" " ind2="0">
            <marc:subfield code="a">Electricians</marc:subfield>
            <marc:subfield code="x">Labor unions</marc:subfield>
            <marc:subfield code="z">Washington (State)</marc:subfield>
            <marc:subfield code="x">Archives.</marc:subfield>
        </marc:datafield>
        <marc:datafield tag="650" ind1=" " ind2="0">
            <marc:subfield code="a">Electric industry workers</marc:subfield>
            <marc:subfield code="x">Labor unions</marc:subfield>
            <marc:subfield code="z">Oregon</marc:subfield>
            <marc:subfield code="x">Archives.</marc:subfield>
        </marc:datafield>
        <marc:datafield tag="650" ind1=" " ind2="0">
            <marc:subfield code="a">Electricians</marc:subfield>
            <marc:subfield code="x">Labor unions</marc:subfield>
            <marc:subfield code="z">Oregon</marc:subfield>
            <marc:subfield code="x">Archives.</marc:subfield>
        </marc:datafield>
        <marc:datafield tag="650" ind1=" " ind2="0">
            <marc:subfield code="a">Electric industry workers</marc:subfield>
            <marc:subfield code="x">Labor unions</marc:subfield>
            <marc:subfield code="z">Idaho</marc:subfield>
            <marc:subfield code="x">Archives.</marc:subfield>
        </marc:datafield>
        <marc:datafield tag="650" ind1=" " ind2="0">
            <marc:subfield code="a">Electricians</marc:subfield>
            <marc:subfield code="x">Labor unions</marc:subfield>
            <marc:subfield code="z">Idaho</marc:subfield>
            <marc:subfield code="x">Archives.</marc:subfield>
        </marc:datafield>
        <marc:datafield tag="650" ind1=" " ind2="0">
            <marc:subfield code="a">Labor</marc:subfield>
            <marc:subfield code="z">Washington (State)</marc:subfield>
            <marc:subfield code="x">History</marc:subfield>
            <marc:subfield code="v">Sources.</marc:subfield>
        </marc:datafield>
        <marc:datafield tag="650" ind1=" " ind2="0">
            <marc:subfield code="a">Labor unions</marc:subfield>
            <marc:subfield code="z">Washington (State)</marc:subfield>
            <marc:subfield code="x">History</marc:subfield>
            <marc:subfield code="v">Sources.</marc:subfield>
        </marc:datafield>
        <marc:datafield tag="650" ind1=" " ind2="0">
            <marc:subfield code="a">Labor movement</marc:subfield>
            <marc:subfield code="z">Washington (State)</marc:subfield>
            <marc:subfield code="x">History</marc:subfield>
            <marc:subfield code="v">Sources.</marc:subfield>
        </marc:datafield>
        <marc:datafield tag="650" ind1=" " ind2="0">
            <marc:subfield code="a">Labor</marc:subfield>
            <marc:subfield code="z">Oregon</marc:subfield>
            <marc:subfield code="x">History</marc:subfield>
            <marc:subfield code="v">Sources.</marc:subfield>
        </marc:datafield>
        <marc:datafield tag="650" ind1=" " ind2="0">
            <marc:subfield code="a">Labor unions</marc:subfield>
            <marc:subfield code="z">Oregon</marc:subfield>
            <marc:subfield code="x">History</marc:subfield>
            <marc:subfield code="v">Sources.</marc:subfield>
        </marc:datafield>
        <marc:datafield tag="650" ind1=" " ind2="0">
            <marc:subfield code="a">Labor movement</marc:subfield>
            <marc:subfield code="z">Oregon</marc:subfield>
            <marc:subfield code="x">History</marc:subfield>
            <marc:subfield code="v">Sources.</marc:subfield>
        </marc:datafield>
        <marc:datafield tag="650" ind1=" " ind2="0">
            <marc:subfield code="a">Labor</marc:subfield>
            <marc:subfield code="z">Idaho</marc:subfield>
            <marc:subfield code="x">History</marc:subfield>
            <marc:subfield code="v">Sources.</marc:subfield>
        </marc:datafield>
        <marc:datafield tag="650" ind1=" " ind2="0">
            <marc:subfield code="a">Labor unions</marc:subfield>
            <marc:subfield code="z">Idaho</marc:subfield>
            <marc:subfield code="x">History</marc:subfield>
            <marc:subfield code="v">Sources.</marc:subfield>
        </marc:datafield>
        <marc:datafield tag="650" ind1=" " ind2="0">
            <marc:subfield code="a">Labor movement</marc:subfield>
            <marc:subfield code="z">Idaho</marc:subfield>
            <marc:subfield code="x">History</marc:subfield>
            <marc:subfield code="v">Sources.</marc:subfield>
        </marc:datafield>
        <marc:datafield tag="650" ind1=" " ind2="6">
            <marc:subfield code="a">Industries électriques</marc:subfield>
            <marc:subfield code="0">(CaQQLa)201-0094078</marc:subfield>
            <marc:subfield code="x">Personnel</marc:subfield>
            <marc:subfield code="0">(CaQQLa)201-0094078</marc:subfield>
            <marc:subfield code="x">Syndicats</marc:subfield>
            <marc:subfield code="0">(CaQQLa)201-0094078</marc:subfield>
            <marc:subfield code="z">Washington (État)</marc:subfield>
            <marc:subfield code="0">(CaQQLa)201-0395184</marc:subfield>
            <marc:subfield code="x">Archives.</marc:subfield>
            <marc:subfield code="0">(CaQQLa)201-0378363</marc:subfield>
        </marc:datafield>
        <marc:datafield tag="650" ind1=" " ind2="6">
            <marc:subfield code="a">Électriciens</marc:subfield>
            <marc:subfield code="0">(CaQQLa)201-0102092</marc:subfield>
            <marc:subfield code="x">Syndicats</marc:subfield>
            <marc:subfield code="0">(CaQQLa)201-0102092</marc:subfield>
            <marc:subfield code="z">Washington (État)</marc:subfield>
            <marc:subfield code="0">(CaQQLa)201-0395184</marc:subfield>
            <marc:subfield code="x">Archives.</marc:subfield>
            <marc:subfield code="0">(CaQQLa)201-0378363</marc:subfield>
        </marc:datafield>
        <marc:datafield tag="650" ind1=" " ind2="6">
            <marc:subfield code="a">Industries électriques</marc:subfield>
            <marc:subfield code="0">(CaQQLa)201-0094078</marc:subfield>
            <marc:subfield code="x">Personnel</marc:subfield>
            <marc:subfield code="0">(CaQQLa)201-0094078</marc:subfield>
            <marc:subfield code="x">Syndicats</marc:subfield>
            <marc:subfield code="0">(CaQQLa)201-0094078</marc:subfield>
            <marc:subfield code="z">Oregon</marc:subfield>
            <marc:subfield code="0">(CaQQLa)201-0460845</marc:subfield>
            <marc:subfield code="x">Archives.</marc:subfield>
            <marc:subfield code="0">(CaQQLa)201-0378363</marc:subfield>
        </marc:datafield>
        <marc:datafield tag="650" ind1=" " ind2="6">
            <marc:subfield code="a">Électriciens</marc:subfield>
            <marc:subfield code="0">(CaQQLa)201-0102092</marc:subfield>
            <marc:subfield code="x">Syndicats</marc:subfield>
            <marc:subfield code="0">(CaQQLa)201-0102092</marc:subfield>
            <marc:subfield code="z">Oregon</marc:subfield>
            <marc:subfield code="0">(CaQQLa)201-0460845</marc:subfield>
            <marc:subfield code="x">Archives.</marc:subfield>
            <marc:subfield code="0">(CaQQLa)201-0378363</marc:subfield>
        </marc:datafield>
        <marc:datafield tag="650" ind1=" " ind2="6">
            <marc:subfield code="a">Industries électriques</marc:subfield>
            <marc:subfield code="0">(CaQQLa)201-0094078</marc:subfield>
            <marc:subfield code="x">Personnel</marc:subfield>
            <marc:subfield code="0">(CaQQLa)201-0094078</marc:subfield>
            <marc:subfield code="x">Syndicats</marc:subfield>
            <marc:subfield code="0">(CaQQLa)201-0094078</marc:subfield>
            <marc:subfield code="z">Idaho</marc:subfield>
            <marc:subfield code="0">(CaQQLa)201-0460795</marc:subfield>
            <marc:subfield code="x">Archives.</marc:subfield>
            <marc:subfield code="0">(CaQQLa)201-0378363</marc:subfield>
        </marc:datafield>
        <marc:datafield tag="650" ind1=" " ind2="6">
            <marc:subfield code="a">Électriciens</marc:subfield>
            <marc:subfield code="0">(CaQQLa)201-0102092</marc:subfield>
            <marc:subfield code="x">Syndicats</marc:subfield>
            <marc:subfield code="0">(CaQQLa)201-0102092</marc:subfield>
            <marc:subfield code="z">Idaho</marc:subfield>
            <marc:subfield code="0">(CaQQLa)201-0460795</marc:subfield>
            <marc:subfield code="x">Archives.</marc:subfield>
            <marc:subfield code="0">(CaQQLa)201-0378363</marc:subfield>
        </marc:datafield>
        <marc:datafield tag="650" ind1=" " ind2="6">
            <marc:subfield code="a">Travail</marc:subfield>
            <marc:subfield code="0">(CaQQLa)201-0093408</marc:subfield>
            <marc:subfield code="z">Washington (État)</marc:subfield>
            <marc:subfield code="0">(CaQQLa)201-0395184</marc:subfield>
            <marc:subfield code="x">Histoire</marc:subfield>
            <marc:subfield code="0">(CaQQLa)201-0382350</marc:subfield>
            <marc:subfield code="v">Sources.</marc:subfield>
            <marc:subfield code="0">(CaQQLa)201-0382350</marc:subfield>
        </marc:datafield>
        <marc:datafield tag="650" ind1=" " ind2="6">
            <marc:subfield code="a">Syndicats</marc:subfield>
            <marc:subfield code="0">(CaQQLa)201-0007001</marc:subfield>
            <marc:subfield code="z">Washington (État)</marc:subfield>
            <marc:subfield code="0">(CaQQLa)201-0395184</marc:subfield>
            <marc:subfield code="x">Histoire</marc:subfield>
            <marc:subfield code="0">(CaQQLa)201-0382350</marc:subfield>
            <marc:subfield code="v">Sources.</marc:subfield>
            <marc:subfield code="0">(CaQQLa)201-0382350</marc:subfield>
        </marc:datafield>
        <marc:datafield tag="650" ind1=" " ind2="6">
            <marc:subfield code="a">Mouvement ouvrier</marc:subfield>
            <marc:subfield code="0">(CaQQLa)201-0078721</marc:subfield>
            <marc:subfield code="z">Washington (État)</marc:subfield>
            <marc:subfield code="0">(CaQQLa)201-0395184</marc:subfield>
            <marc:subfield code="x">Histoire</marc:subfield>
            <marc:subfield code="0">(CaQQLa)201-0382350</marc:subfield>
            <marc:subfield code="v">Sources.</marc:subfield>
            <marc:subfield code="0">(CaQQLa)201-0382350</marc:subfield>
        </marc:datafield>
        <marc:datafield tag="650" ind1=" " ind2="6">
            <marc:subfield code="a">Travail</marc:subfield>
            <marc:subfield code="0">(CaQQLa)201-0093408</marc:subfield>
            <marc:subfield code="z">Oregon</marc:subfield>
            <marc:subfield code="0">(CaQQLa)201-0460845</marc:subfield>
            <marc:subfield code="x">Histoire</marc:subfield>
            <marc:subfield code="0">(CaQQLa)201-0382350</marc:subfield>
            <marc:subfield code="v">Sources.</marc:subfield>
            <marc:subfield code="0">(CaQQLa)201-0382350</marc:subfield>
        </marc:datafield>
        <marc:datafield tag="650" ind1=" " ind2="6">
            <marc:subfield code="a">Syndicats</marc:subfield>
            <marc:subfield code="0">(CaQQLa)201-0007001</marc:subfield>
            <marc:subfield code="z">Oregon</marc:subfield>
            <marc:subfield code="0">(CaQQLa)201-0460845</marc:subfield>
            <marc:subfield code="x">Histoire</marc:subfield>
            <marc:subfield code="0">(CaQQLa)201-0382350</marc:subfield>
            <marc:subfield code="v">Sources.</marc:subfield>
            <marc:subfield code="0">(CaQQLa)201-0382350</marc:subfield>
        </marc:datafield>
        <marc:datafield tag="650" ind1=" " ind2="6">
            <marc:subfield code="a">Mouvement ouvrier</marc:subfield>
            <marc:subfield code="0">(CaQQLa)201-0078721</marc:subfield>
            <marc:subfield code="z">Oregon</marc:subfield>
            <marc:subfield code="0">(CaQQLa)201-0460845</marc:subfield>
            <marc:subfield code="x">Histoire</marc:subfield>
            <marc:subfield code="0">(CaQQLa)201-0382350</marc:subfield>
            <marc:subfield code="v">Sources.</marc:subfield>
            <marc:subfield code="0">(CaQQLa)201-0382350</marc:subfield>
        </marc:datafield>
        <marc:datafield tag="650" ind1=" " ind2="6">
            <marc:subfield code="a">Travail</marc:subfield>
            <marc:subfield code="0">(CaQQLa)201-0093408</marc:subfield>
            <marc:subfield code="z">Idaho</marc:subfield>
            <marc:subfield code="0">(CaQQLa)201-0460795</marc:subfield>
            <marc:subfield code="x">Histoire</marc:subfield>
            <marc:subfield code="0">(CaQQLa)201-0382350</marc:subfield>
            <marc:subfield code="v">Sources.</marc:subfield>
            <marc:subfield code="0">(CaQQLa)201-0382350</marc:subfield>
        </marc:datafield>
        <marc:datafield tag="650" ind1=" " ind2="6">
            <marc:subfield code="a">Syndicats</marc:subfield>
            <marc:subfield code="0">(CaQQLa)201-0007001</marc:subfield>
            <marc:subfield code="z">Idaho</marc:subfield>
            <marc:subfield code="0">(CaQQLa)201-0460795</marc:subfield>
            <marc:subfield code="x">Histoire</marc:subfield>
            <marc:subfield code="0">(CaQQLa)201-0382350</marc:subfield>
            <marc:subfield code="v">Sources.</marc:subfield>
            <marc:subfield code="0">(CaQQLa)201-0382350</marc:subfield>
        </marc:datafield>
        <marc:datafield tag="650" ind1=" " ind2="6">
            <marc:subfield code="a">Mouvement ouvrier</marc:subfield>
            <marc:subfield code="0">(CaQQLa)201-0078721</marc:subfield>
            <marc:subfield code="z">Idaho</marc:subfield>
            <marc:subfield code="0">(CaQQLa)201-0460795</marc:subfield>
            <marc:subfield code="x">Histoire</marc:subfield>
            <marc:subfield code="0">(CaQQLa)201-0382350</marc:subfield>
            <marc:subfield code="v">Sources.</marc:subfield>
            <marc:subfield code="0">(CaQQLa)201-0382350</marc:subfield>
        </marc:datafield>
        <marc:datafield tag="650" ind1=" " ind2="7">
            <marc:subfield code="a">Electric industry workers</marc:subfield>
            <marc:subfield code="x">Labor unions.</marc:subfield>
            <marc:subfield code="2">fast</marc:subfield>
            <marc:subfield code="0">(OCoLC)fst00904958</marc:subfield>
        </marc:datafield>
        <marc:datafield tag="650" ind1=" " ind2="7">
            <marc:subfield code="a">Electricians</marc:subfield>
            <marc:subfield code="x">Labor unions.</marc:subfield>
            <marc:subfield code="2">fast</marc:subfield>
            <marc:subfield code="0">(OCoLC)fst00906245</marc:subfield>
        </marc:datafield>
        <marc:datafield tag="650" ind1=" " ind2="7">
            <marc:subfield code="a">Labor.</marc:subfield>
            <marc:subfield code="2">fast</marc:subfield>
            <marc:subfield code="0">(OCoLC)fst00989798</marc:subfield>
        </marc:datafield>
        <marc:datafield tag="650" ind1=" " ind2="7">
            <marc:subfield code="a">Labor movement.</marc:subfield>
            <marc:subfield code="2">fast</marc:subfield>
            <marc:subfield code="0">(OCoLC)fst00990079</marc:subfield>
        </marc:datafield>
        <marc:datafield tag="650" ind1=" " ind2="7">
            <marc:subfield code="a">Labor unions.</marc:subfield>
            <marc:subfield code="2">fast</marc:subfield>
            <marc:subfield code="0">(OCoLC)fst00990260</marc:subfield>
        </marc:datafield>
        <marc:datafield tag="651" ind1=" " ind2="7">
            <marc:subfield code="a">Idaho.</marc:subfield>
            <marc:subfield code="2">fast</marc:subfield>
            <marc:subfield code="0">(OCoLC)fst01211709</marc:subfield>
        </marc:datafield>
        <marc:datafield tag="651" ind1=" " ind2="7">
            <marc:subfield code="a">Oregon.</marc:subfield>
            <marc:subfield code="2">fast</marc:subfield>
            <marc:subfield code="0">(OCoLC)fst01204579</marc:subfield>
        </marc:datafield>
        <marc:datafield tag="651" ind1=" " ind2="7">
            <marc:subfield code="a">Washington (State)</marc:subfield>
            <marc:subfield code="2">fast</marc:subfield>
            <marc:subfield code="0">(OCoLC)fst01204703</marc:subfield>
        </marc:datafield>
        <marc:datafield tag="655" ind1=" " ind2="7">
            <marc:subfield code="a">membership lists.</marc:subfield>
            <marc:subfield code="2">aat</marc:subfield>
            <marc:subfield code="0">(CStmoGRI)aatgf300027141</marc:subfield>
        </marc:datafield>
        <marc:datafield tag="655" ind1=" " ind2="7">
            <marc:subfield code="a">minutes (administrative records)</marc:subfield>
            <marc:subfield code="2">aat</marc:subfield>
            <marc:subfield code="0">(CStmoGRI)aatgf300027440</marc:subfield>
        </marc:datafield>
        <marc:datafield tag="655" ind1=" " ind2="7">
            <marc:subfield code="a">minute books.</marc:subfield>
            <marc:subfield code="2">aat</marc:subfield>
            <marc:subfield code="0">(CStmoGRI)aatgf300135375</marc:subfield>
        </marc:datafield>
        <marc:datafield tag="655" ind1=" " ind2="7">
            <marc:subfield code="a">collective labor agreements.</marc:subfield>
            <marc:subfield code="2">aat</marc:subfield>
            <marc:subfield code="0">(CStmoGRI)aatgf300027630</marc:subfield>
        </marc:datafield>
        <marc:datafield tag="655" ind1=" " ind2="7">
            <marc:subfield code="a">contracts.</marc:subfield>
            <marc:subfield code="2">aat</marc:subfield>
            <marc:subfield code="0">(CStmoGRI)aatgf300027649</marc:subfield>
        </marc:datafield>
        <marc:datafield tag="655" ind1=" " ind2="7">
            <marc:subfield code="a">Archives.</marc:subfield>
            <marc:subfield code="2">fast</marc:subfield>
            <marc:subfield code="0">(OCoLC)fst01423700</marc:subfield>
        </marc:datafield>
        <marc:datafield tag="655" ind1=" " ind2="7">
            <marc:subfield code="a">Collective labor agreements.</marc:subfield>
            <marc:subfield code="2">fast</marc:subfield>
            <marc:subfield code="0">(OCoLC)fst01774247</marc:subfield>
        </marc:datafield>
        <marc:datafield tag="655" ind1=" " ind2="7">
            <marc:subfield code="a">Contracts.</marc:subfield>
            <marc:subfield code="2">fast</marc:subfield>
            <marc:subfield code="0">(OCoLC)fst01774255</marc:subfield>
        </marc:datafield>
        <marc:datafield tag="655" ind1=" " ind2="7">
            <marc:subfield code="a">History.</marc:subfield>
            <marc:subfield code="2">fast</marc:subfield>
            <marc:subfield code="0">(OCoLC)fst01411628</marc:subfield>
        </marc:datafield>
        <marc:datafield tag="655" ind1=" " ind2="7">
            <marc:subfield code="a">Minutes (Records)</marc:subfield>
            <marc:subfield code="2">fast</marc:subfield>
            <marc:subfield code="0">(OCoLC)fst01919940</marc:subfield>
        </marc:datafield>
        <marc:datafield tag="655" ind1=" " ind2="7">
            <marc:subfield code="a">Sources.</marc:subfield>
            <marc:subfield code="2">fast</marc:subfield>
            <marc:subfield code="0">(OCoLC)fst01423900</marc:subfield>
        </marc:datafield>
        <marc:datafield tag="655" ind1=" " ind2="7">
            <marc:subfield code="a">Minutes (Records)</marc:subfield>
            <marc:subfield code="2">lcgft</marc:subfield>
        </marc:datafield>
        <marc:datafield tag="655" ind1=" " ind2="7">
            <marc:subfield code="a">Collective labor agreements.</marc:subfield>
            <marc:subfield code="2">lcgft</marc:subfield>
        </marc:datafield>
        <marc:datafield tag="655" ind1=" " ind2="7">
            <marc:subfield code="a">Contracts.</marc:subfield>
            <marc:subfield code="2">lcgft</marc:subfield>
        </marc:datafield>
        <marc:datafield tag="655" ind1=" " ind2="7">
            <marc:subfield code="a">Registres des membres.</marc:subfield>
            <marc:subfield code="2">rvmgf</marc:subfield>
            <marc:subfield code="0">(CaQQLa)RVMGF-000001718</marc:subfield>
        </marc:datafield>
        <marc:datafield tag="655" ind1=" " ind2="7">
            <marc:subfield code="a">Procès-verbaux.</marc:subfield>
            <marc:subfield code="2">rvmgf</marc:subfield>
            <marc:subfield code="0">(CaQQLa)RVMGF-000001222</marc:subfield>
        </marc:datafield>
        <marc:datafield tag="655" ind1=" " ind2="7">
            <marc:subfield code="a">Conventions collectives.</marc:subfield>
            <marc:subfield code="2">rvmgf</marc:subfield>
            <marc:subfield code="0">(CaQQLa)RVMGF-000001475</marc:subfield>
        </marc:datafield>
        <marc:datafield tag="655" ind1=" " ind2="7">
            <marc:subfield code="a">Contrats.</marc:subfield>
            <marc:subfield code="2">rvmgf</marc:subfield>
            <marc:subfield code="0">(CaQQLa)RVMGF-000001473</marc:subfield>
        </marc:datafield>
        <marc:datafield tag="710" ind1="2" ind2=" ">
            <marc:subfield code="a">Labor Archives of Washington,</marc:subfield>
            <marc:subfield code="e">curator.</marc:subfield>
        </marc:datafield>
        <marc:datafield tag="856" ind1="4" ind2="2">
            <marc:subfield code="u">http://archiveswest.orbiscascade.org/ark:/80444/xv05703</marc:subfield>
            <marc:subfield code="z">Connect to the finding aid for this collection</marc:subfield>
        </marc:datafield>
        <marc:datafield tag="049" ind1=" " ind2=" ">
            <marc:subfield code="a">WAUW</marc:subfield>
        </marc:datafield>
    </marc:record>