
    <marc:record>
        <marc:leader>10010cpcaa2200733 i 4500</marc:leader>
        <marc:controlfield tag="001">1371467584</marc:controlfield>
        <marc:controlfield tag="008">230301i19122018wau                 eng d</marc:controlfield>
        <marc:controlfield tag="005">20230419112613.3</marc:controlfield>
        <marc:datafield tag="040" ind1=" " ind2=" ">
            <marc:subfield code="a">WAU</marc:subfield>
            <marc:subfield code="b">eng</marc:subfield>
            <marc:subfield code="e">rda</marc:subfield>
            <marc:subfield code="e">dacs</marc:subfield>
            <marc:subfield code="c">WAU</marc:subfield>
            <marc:subfield code="d">WAU</marc:subfield>
            <marc:subfield code="d">OCLCF</marc:subfield>
        </marc:datafield>
        <marc:datafield tag="043" ind1=" " ind2=" ">
            <marc:subfield code="a">n-us-wa</marc:subfield>
            <marc:subfield code="a">n-us---</marc:subfield>
        </marc:datafield>
        <marc:datafield tag="046" ind1=" " ind2=" ">
            <marc:subfield code="o">1912</marc:subfield>
            <marc:subfield code="p">2018</marc:subfield>
            <marc:subfield code="2">edtf</marc:subfield>
        </marc:datafield>
        <marc:datafield tag="100" ind1="1" ind2=" ">
            <marc:subfield code="a">Johnson, Jeff</marc:subfield>
            <marc:subfield code="q">(Jeffrey George),</marc:subfield>
            <marc:subfield code="d">1951-</marc:subfield>
            <marc:subfield code="e">creator.</marc:subfield>
        </marc:datafield>
        <marc:datafield tag="245" ind1="1" ind2="0">
            <marc:subfield code="a">Jeff Johnson papers.</marc:subfield>
        </marc:datafield>
        <marc:datafield tag="264" ind1=" " ind2="0">
            <marc:subfield code="c">1912-2018 (bulk 1986-2018).</marc:subfield>
        </marc:datafield>
        <marc:datafield tag="300" ind1=" " ind2=" ">
            <marc:subfield code="a">32.52 cubic feet (30 boxes)</marc:subfield>
        </marc:datafield>
        <marc:datafield tag="336" ind1=" " ind2=" ">
            <marc:subfield code="a">text</marc:subfield>
            <marc:subfield code="b">txt</marc:subfield>
            <marc:subfield code="2">rdacontent</marc:subfield>
        </marc:datafield>
        <marc:datafield tag="337" ind1=" " ind2=" ">
            <marc:subfield code="a">unmediated</marc:subfield>
            <marc:subfield code="b">n</marc:subfield>
            <marc:subfield code="2">rdamedia</marc:subfield>
        </marc:datafield>
        <marc:datafield tag="338" ind1=" " ind2=" ">
            <marc:subfield code="a">sheet</marc:subfield>
            <marc:subfield code="b">nb</marc:subfield>
            <marc:subfield code="2">rdacarrier</marc:subfield>
        </marc:datafield>
        <marc:datafield tag="351" ind1=" " ind2=" ">
            <marc:subfield code="a">Arranged in 6 series: Series I. Labor issues and legislation, 1912-2017. Subseries A: Legislation, General, 1975-2015, Bulk 1992-2015, Subseries B: Child Labor, 1985-1997, Bulk 1990-1997, Subseries C: Healthcare, 1995-2017, Subseries D: Lobbying, 1994-2005, Bulk 1998-2005, Subseries E: Minimum Wage, 1979-2014, Bulk 1987-2005, Subseries F: Tax Reform, 1994-2016, Bulk 1994-2006, Subseries G: Trade, 1986-2014. Bulk 1995-2005, Subseries H: Workers' Compensation, 1912-2017, Bulk 1995-2011, Subseries I: Unemployment, 1983-2011, Bulk 1993-2011, Subseries J: Subject Files: Labor Issues, 1972-2009, Bulk 1987-2006 -- Series II. Publications and media, 1932-2013. Subseries A: Washington State Labor Council Publications, 1992-2008, Bulk 1992-2005, Subseries B: Publications by Other Entities, 1932-2013, Bulk 1971-2013 -- Series III, Labor summer school, 1981-1997 -- Series IV, Reports of the Special Assistant to the President, 1941-2012 -- Series V, Office and Professional Eployees International Union Organizing Committee Files, 1977-2014 -- Series VI, Johnson's presidential files, 1947-2018. Subseries A: Correspondence, 2011-2017, Subseries B: Subject Files: Committees, Boards, and Issues, 1994-2017, Bulk 2011-2016, Subseries C: Climate Issues, 2010-2017, Bulk 2011-2012, Subseries D: WSLC Conventions, Resolutions, Meetings, 2003-2018, Bulk 2011-2018, Subseries E: Subject Files: Labor Issues, 1947-2017, Bulk 2010-2017.</marc:subfield>
        </marc:datafield>
        <marc:datafield tag="386" ind1=" " ind2=" ">
            <marc:subfield code="a">Americans</marc:subfield>
            <marc:subfield code="a">New Yorkers (New York State)</marc:subfield>
            <marc:subfield code="a">Washingtonians (Washington State)</marc:subfield>
            <marc:subfield code="a">Seattleites</marc:subfield>
            <marc:subfield code="2">lcdgt</marc:subfield>
        </marc:datafield>
        <marc:datafield tag="500" ind1=" " ind2=" ">
            <marc:subfield code="a">Forms a part of the Labor Archives of Washington.</marc:subfield>
        </marc:datafield>
        <marc:datafield tag="520" ind1=" " ind2=" ">
            <marc:subfield code="a">This collection contains Jeff Johnson's professional files from his 32 year career at the Washington State Labor Council (WSLC). There is a large amount of news articles, research materials, and legislation related to labor issues spearheaded by Johnson including workers' compensation, unemployment benefits, minimum wage, worker privacy, job training, child labor, healthcare, farmworker issues, and &quot;green&quot; jobs. There are also files relating to coalitions with other organizations, including CASA Latina and Puget Sound Advocates for Retirement Action (PSARA), as well as lobbying groups and Political Action Committees (PAC's) that the WSLC was involved in. In addition, this collection contains files from Johnson's involvement in the Office and Professional Employees International Union (OPEIU), Local 8.</marc:subfield>
        </marc:datafield>
        <marc:datafield tag="545" ind1="0" ind2=" ">
            <marc:subfield code="a">Jeffrey George Johnson was born in Long Island, New York, in 1951. Jeff Johnson earned his B.A. in political science from Georgetown University and his M.A. and A.B.D. in political economy from the New School for Social Research. At Georgetown University he became involved in Civil Rights and anti-Vietnam War movements. Johnson began his union career in New York, N.Y. as a member of Local 2190 of the American Federation of Teachers (AFT) in 1979. He worked as a teacher of labor economics and labor studies for members of the International Brotherhood of Electrical Workers, Local 3. Johnson also taught classes for the International Ladies Garment Workers Union (ILGWU), Amalgamated Clothing and Textile Workers Union (ACTWU). Johnson taught classes for the National Congress of Neighborhood Women and worked as faculty at the Harry Van Arsdale Center for Labor Studies at State University of New York (SUNY) and the The National Labor College. In 1986, Johnson drove across the country with his wife and began working for the Washington State Labor Council (WSLC) as the Research Director. He also served as the shop steward for the WSLC's unionized employees in the Office and Professional Employees International Union (OPEIU), Local 8 from 1988-1993. Early in his career, Johnson was introduced to Tomas Villanueva, the president of the newly formed United Farm Workers (UFW) in Washington. At the time, farmworkers were not protected by minimum wage, pesticide control, or child labor laws, and they were ineligible for unemployment insurance or workers' compensation. Johnson and Villanueva worked together over a five year period to establish child labor and health and safety protections specifically for farmworkers, and they also ran minimum wage and workers' compensation initiatives. In addition, they launched a lawsuit to include farmworkers in unemployment insurance programs. In 1992, Johnson and Villanueva worked with Chicano activist and lawyer Guadalupe Gamboa and his uncle, a professor at the University of Washington, to write a collective bargaining bill for farmworkers in Washington, modeled after the California Labor Relations Act. In 1993, Johnson became the WSLC's Lead Lobbyist following changes in WSLC leadership due to the election of Mike Lowry as Washington governor. In 1998, he spearheaded another minimum wage initiative, creating a broad coalition of community organizations to back the campaign. Johnson was also involved in the WSLC's work around immigration reform and efforts to connect with the Latino community, including by affiliating with CASA Latina. Johnson assumed the role of Special Assistant to the President in 2008, while remaining the lead lobbyist. In 2010, Johnson was elected president of the WSLC and served two terms before retiring in 2018. During his time as president, Johnson was involved in much of the community outreach and coalition building from before. The WSLC, under his leadership, supported the first campaigns to raise the minimum wage to $15 per hour, first in SeaTac then in Seattle. He also promoted efforts to address issues of racism in labor and worked with state legislators on climate justice initiatives. Johnson is still active in Puget Sound Advocates for Retirement Action (PSARA), the Board of Labor Network for Sustainability, and other local causes.</marc:subfield>
        </marc:datafield>
        <marc:datafield tag="520" ind1="2" ind2=" ">
            <marc:subfield code="a">This collection contains Jeff Johnson's professional files from his 32 year career at the Washington State Labor Council (WSLC). There is a large amount of news articles, research materials, and legislation related to labor issues spearheaded by Johnson including workers' compensation, unemployment benefits, minimum wage, worker privacy, job training, child labor, healthcare, farmworker issues, and &quot;green&quot; jobs. There are also files relating to coalitions with other organizations, including CASA Latina and Puget Sound Advocates for Retirement Action (PSARA), as well as lobbying groups and Political Action Committees (PAC's) that the WSLC was involved in. In addition, this collection contains files from Johnson's involvement in the Office and Professional Employees International Union (OPEIU), Local 8. This collection would be of particular interest to researchers interested in contemporary labor issues, labor legislation, lobbying, farmworker organizing, labor and climate, and the activities of the WSLC.</marc:subfield>
        </marc:datafield>
        <marc:datafield tag="506" ind1=" " ind2=" ">
            <marc:subfield code="a">Access to portions of the collection is restricted. No user access copy is available for floppy discs and CDs. Users may be able to obtain a reproduction of the media for a fee. Contact Special Collections for more information.</marc:subfield>
        </marc:datafield>
        <marc:datafield tag="540" ind1=" " ind2=" ">
            <marc:subfield code="a">Creator's copyrights transferred to the University of Washington Libraries Special Collections.</marc:subfield>
        </marc:datafield>
        <marc:datafield tag="541" ind1=" " ind2=" ">
            <marc:subfield code="c">Donated by:</marc:subfield>
            <marc:subfield code="a">Jeff Johnson,</marc:subfield>
            <marc:subfield code="d">2022.</marc:subfield>
        </marc:datafield>
        <marc:datafield tag="546" ind1=" " ind2=" ">
            <marc:subfield code="a">Collection materials are in English.</marc:subfield>
        </marc:datafield>
        <marc:datafield tag="600" ind1="1" ind2="0">
            <marc:subfield code="a">Johnson, Jeff</marc:subfield>
            <marc:subfield code="q">(Jeffrey George),</marc:subfield>
            <marc:subfield code="d">1951-</marc:subfield>
            <marc:subfield code="v">Archives.</marc:subfield>
        </marc:datafield>
        <marc:datafield tag="650" ind1=" " ind2="0">
            <marc:subfield code="a">Labor unions</marc:subfield>
            <marc:subfield code="z">Washington (State)</marc:subfield>
            <marc:subfield code="x">Officials and employees</marc:subfield>
            <marc:subfield code="v">Archives.</marc:subfield>
        </marc:datafield>
        <marc:datafield tag="650" ind1=" " ind2="0">
            <marc:subfield code="a">Labor</marc:subfield>
            <marc:subfield code="z">Washington (State)</marc:subfield>
            <marc:subfield code="x">History</marc:subfield>
            <marc:subfield code="v">Sources.</marc:subfield>
        </marc:datafield>
        <marc:datafield tag="650" ind1=" " ind2="0">
            <marc:subfield code="a">Labor</marc:subfield>
            <marc:subfield code="z">United States</marc:subfield>
            <marc:subfield code="x">History</marc:subfield>
            <marc:subfield code="v">Sources.</marc:subfield>
        </marc:datafield>
        <marc:datafield tag="650" ind1=" " ind2="0">
            <marc:subfield code="a">Labor movement</marc:subfield>
            <marc:subfield code="z">Washington (State)</marc:subfield>
            <marc:subfield code="x">History</marc:subfield>
            <marc:subfield code="v">Sources.</marc:subfield>
        </marc:datafield>
        <marc:datafield tag="650" ind1=" " ind2="0">
            <marc:subfield code="a">Labor movement</marc:subfield>
            <marc:subfield code="z">United States</marc:subfield>
            <marc:subfield code="x">History</marc:subfield>
            <marc:subfield code="v">Sources.</marc:subfield>
        </marc:datafield>
        <marc:datafield tag="650" ind1=" " ind2="0">
            <marc:subfield code="a">Labor unions</marc:subfield>
            <marc:subfield code="z">Washington (State)</marc:subfield>
            <marc:subfield code="x">History</marc:subfield>
            <marc:subfield code="v">Sources.</marc:subfield>
        </marc:datafield>
        <marc:datafield tag="650" ind1=" " ind2="0">
            <marc:subfield code="a">Labor unions</marc:subfield>
            <marc:subfield code="z">United States</marc:subfield>
            <marc:subfield code="x">History</marc:subfield>
            <marc:subfield code="v">Sources.</marc:subfield>
        </marc:datafield>
        <marc:datafield tag="610" ind1="2" ind2="0">
            <marc:subfield code="a">AFL-CIO.</marc:subfield>
            <marc:subfield code="b">Washington State Labor Council</marc:subfield>
            <marc:subfield code="x">History</marc:subfield>
            <marc:subfield code="v">Sources.</marc:subfield>
        </marc:datafield>
        <marc:datafield tag="610" ind1="2" ind2="0">
            <marc:subfield code="a">Office and Professional Employees International Union.</marc:subfield>
            <marc:subfield code="b">Local 8</marc:subfield>
            <marc:subfield code="x">History</marc:subfield>
            <marc:subfield code="v">Sources.</marc:subfield>
        </marc:datafield>
        <marc:datafield tag="610" ind1="2" ind2="7">
            <marc:subfield code="a">AFL-CIO.</marc:subfield>
            <marc:subfield code="b">Washington State Labor Council.</marc:subfield>
            <marc:subfield code="2">fast</marc:subfield>
            <marc:subfield code="0">(OCoLC)fst00602885</marc:subfield>
        </marc:datafield>
        <marc:datafield tag="650" ind1=" " ind2="7">
            <marc:subfield code="a">Labor.</marc:subfield>
            <marc:subfield code="2">fast</marc:subfield>
            <marc:subfield code="0">(OCoLC)fst00989798</marc:subfield>
        </marc:datafield>
        <marc:datafield tag="650" ind1=" " ind2="7">
            <marc:subfield code="a">Labor movement.</marc:subfield>
            <marc:subfield code="2">fast</marc:subfield>
            <marc:subfield code="0">(OCoLC)fst00990079</marc:subfield>
        </marc:datafield>
        <marc:datafield tag="650" ind1=" " ind2="7">
            <marc:subfield code="a">Labor unions.</marc:subfield>
            <marc:subfield code="2">fast</marc:subfield>
            <marc:subfield code="0">(OCoLC)fst00990260</marc:subfield>
        </marc:datafield>
        <marc:datafield tag="650" ind1=" " ind2="7">
            <marc:subfield code="a">Labor unions</marc:subfield>
            <marc:subfield code="x">Officials and employees.</marc:subfield>
            <marc:subfield code="2">fast</marc:subfield>
            <marc:subfield code="0">(OCoLC)fst00990289</marc:subfield>
        </marc:datafield>
        <marc:datafield tag="651" ind1=" " ind2="7">
            <marc:subfield code="a">United States.</marc:subfield>
            <marc:subfield code="2">fast</marc:subfield>
            <marc:subfield code="0">(OCoLC)fst01204155</marc:subfield>
        </marc:datafield>
        <marc:datafield tag="651" ind1=" " ind2="7">
            <marc:subfield code="a">Washington (State)</marc:subfield>
            <marc:subfield code="2">fast</marc:subfield>
            <marc:subfield code="0">(OCoLC)fst01204703</marc:subfield>
        </marc:datafield>
        <marc:datafield tag="655" ind1=" " ind2="7">
            <marc:subfield code="a">Research notes.</marc:subfield>
            <marc:subfield code="2">aat</marc:subfield>
        </marc:datafield>
        <marc:datafield tag="655" ind1=" " ind2="7">
            <marc:subfield code="a">Newspaper clippings.</marc:subfield>
            <marc:subfield code="2">aat</marc:subfield>
        </marc:datafield>
        <marc:datafield tag="655" ind1=" " ind2="7">
            <marc:subfield code="a">Publications (documents).</marc:subfield>
            <marc:subfield code="2">aat</marc:subfield>
        </marc:datafield>
        <marc:datafield tag="655" ind1=" " ind2="7">
            <marc:subfield code="a">Articles.</marc:subfield>
            <marc:subfield code="2">aat</marc:subfield>
        </marc:datafield>
        <marc:datafield tag="655" ind1=" " ind2="7">
            <marc:subfield code="a">Files (document groupings).</marc:subfield>
            <marc:subfield code="2">aat</marc:subfield>
        </marc:datafield>
        <marc:datafield tag="655" ind1=" " ind2="7">
            <marc:subfield code="a">Archives.</marc:subfield>
            <marc:subfield code="2">fast</marc:subfield>
            <marc:subfield code="0">(OCoLC)fst01423700</marc:subfield>
        </marc:datafield>
        <marc:datafield tag="655" ind1=" " ind2="7">
            <marc:subfield code="a">Business correspondence.</marc:subfield>
            <marc:subfield code="2">fast</marc:subfield>
            <marc:subfield code="0">(OCoLC)fst01919897</marc:subfield>
        </marc:datafield>
        <marc:datafield tag="655" ind1=" " ind2="7">
            <marc:subfield code="a">Collective labor agreements.</marc:subfield>
            <marc:subfield code="2">fast</marc:subfield>
            <marc:subfield code="0">(OCoLC)fst01774247</marc:subfield>
        </marc:datafield>
        <marc:datafield tag="655" ind1=" " ind2="7">
            <marc:subfield code="a">Ephemera.</marc:subfield>
            <marc:subfield code="2">fast</marc:subfield>
            <marc:subfield code="0">(OCoLC)fst01919921</marc:subfield>
        </marc:datafield>
        <marc:datafield tag="655" ind1=" " ind2="7">
            <marc:subfield code="a">History.</marc:subfield>
            <marc:subfield code="2">fast</marc:subfield>
            <marc:subfield code="0">(OCoLC)fst01411628</marc:subfield>
        </marc:datafield>
        <marc:datafield tag="655" ind1=" " ind2="7">
            <marc:subfield code="a">Records (Documents)</marc:subfield>
            <marc:subfield code="2">fast</marc:subfield>
            <marc:subfield code="0">(OCoLC)fst01919961</marc:subfield>
        </marc:datafield>
        <marc:datafield tag="655" ind1=" " ind2="7">
            <marc:subfield code="a">Sources.</marc:subfield>
            <marc:subfield code="2">fast</marc:subfield>
            <marc:subfield code="0">(OCoLC)fst01423900</marc:subfield>
        </marc:datafield>
        <marc:datafield tag="655" ind1=" " ind2="7">
            <marc:subfield code="a">Business correspondence.</marc:subfield>
            <marc:subfield code="2">lcgft</marc:subfield>
        </marc:datafield>
        <marc:datafield tag="655" ind1=" " ind2="7">
            <marc:subfield code="a">Records (Documents)</marc:subfield>
            <marc:subfield code="2">lcgft</marc:subfield>
        </marc:datafield>
        <marc:datafield tag="655" ind1=" " ind2="7">
            <marc:subfield code="a">Ephemera.</marc:subfield>
            <marc:subfield code="2">lcgft</marc:subfield>
        </marc:datafield>
        <marc:datafield tag="655" ind1=" " ind2="7">
            <marc:subfield code="a">Collective labor agreements.</marc:subfield>
            <marc:subfield code="2">lcgft</marc:subfield>
        </marc:datafield>
        <marc:datafield tag="710" ind1="2" ind2=" ">
            <marc:subfield code="a">Labor Archives of Washington,</marc:subfield>
            <marc:subfield code="e">curator.</marc:subfield>
        </marc:datafield>
        <marc:datafield tag="856" ind1="4" ind2="2">
            <marc:subfield code="u">http://archiveswest.orbiscascade.org/ark:/80444/xv147587</marc:subfield>
            <marc:subfield code="z">Connect to the finding aid for this collection</marc:subfield>
        </marc:datafield>
        <marc:datafield tag="049" ind1=" " ind2=" ">
            <marc:subfield code="a">WAUW</marc:subfield>
        </marc:datafield>
    </marc:record>