
    <marc:record>
        <marc:leader>01202cpcaa22002053  4500</marc:leader>
        <marc:controlfield tag="001">317722309</marc:controlfield>
        <marc:controlfield tag="008">090403i19332004xx                  eng d</marc:controlfield>
        <marc:controlfield tag="005">20230628201107.6</marc:controlfield>
        <marc:datafield tag="040" ind1=" " ind2=" ">
            <marc:subfield code="a">WAU</marc:subfield>
            <marc:subfield code="b">eng</marc:subfield>
            <marc:subfield code="c">WAU</marc:subfield>
            <marc:subfield code="d">WAU</marc:subfield>
            <marc:subfield code="d">OCLCQ</marc:subfield>
            <marc:subfield code="d">WAU</marc:subfield>
        </marc:datafield>
        <marc:datafield tag="100" ind1="1" ind2=" ">
            <marc:subfield code="a">Lelli, Phil,</marc:subfield>
            <marc:subfield code="d">1929-2004.</marc:subfield>
        </marc:datafield>
        <marc:datafield tag="245" ind1="1" ind2="0">
            <marc:subfield code="a">Phil Lelli papers,</marc:subfield>
            <marc:subfield code="f">1933-2004</marc:subfield>
            <marc:subfield code="g">(bulk 1965-2002).</marc:subfield>
        </marc:datafield>
        <marc:datafield tag="300" ind1=" " ind2=" ">
            <marc:subfield code="a">10.45 cubic ft. (11 boxes and 1 vertical file)</marc:subfield>
        </marc:datafield>
        <marc:datafield tag="520" ind1="2" ind2=" ">
            <marc:subfield code="a">Correspondence, subject files, personal papers, photographs, other materials.</marc:subfield>
        </marc:datafield>
        <marc:datafield tag="520" ind1="2" ind2=" ">
            <marc:subfield code="a">Papers relate to Lelli's career as a longshoreman, union leader, and President of the Local # 23, International Longshoremen's and Warehousemen's Union (ILWU). Include strike and labor action-related materials, Port Commission correspondence, and related material.</marc:subfield>
        </marc:datafield>
        <marc:datafield tag="545" ind1="0" ind2=" ">
            <marc:subfield code="a">Phil Lelli (1929-2004) was a longshoreman, union activist, local philanthropist, and President of the Longshoremen's Union Local 23, in Tacoma, Washington.</marc:subfield>
        </marc:datafield>
        <marc:datafield tag="506" ind1=" " ind2=" ">
            <marc:subfield code="a">Open to all users.</marc:subfield>
        </marc:datafield>
        <marc:datafield tag="540" ind1=" " ind2=" ">
            <marc:subfield code="a">Creator's literary rights transferred to the University of Washington Libraries.</marc:subfield>
        </marc:datafield>
        <marc:datafield tag="740" ind1="0" ind2=" ">
            <marc:subfield code="a">Acc5536-001.</marc:subfield>
        </marc:datafield>
        <marc:datafield tag="856" ind1="4" ind2="2">
            <marc:subfield code="u">https://archiveswest.orbiscascade.org/ark:80444/xv28463</marc:subfield>
            <marc:subfield code="z">Connect to the online finding aid for this collection</marc:subfield>
        </marc:datafield>
        <marc:datafield tag="049" ind1=" " ind2=" ">
            <marc:subfield code="a">WAUW</marc:subfield>
        </marc:datafield>
    </marc:record>