
    <marc:record>
        <marc:leader>01492cpcaa22001813  4500</marc:leader>
        <marc:controlfield tag="001">123953288</marc:controlfield>
        <marc:controlfield tag="008">070503i19141963xx                  eng d</marc:controlfield>
        <marc:controlfield tag="005">20221228164544.5</marc:controlfield>
        <marc:datafield tag="040" ind1=" " ind2=" ">
            <marc:subfield code="a">WAU</marc:subfield>
            <marc:subfield code="b">eng</marc:subfield>
            <marc:subfield code="c">WAU</marc:subfield>
            <marc:subfield code="d">WAU</marc:subfield>
            <marc:subfield code="d">OCLCQ</marc:subfield>
            <marc:subfield code="d">WAU</marc:subfield>
        </marc:datafield>
        <marc:datafield tag="100" ind1="1" ind2=" ">
            <marc:subfield code="a">Loewe, Reinhold,</marc:subfield>
            <marc:subfield code="d">1889-1983.</marc:subfield>
        </marc:datafield>
        <marc:datafield tag="245" ind1="1" ind2="0">
            <marc:subfield code="a">Rheinhold Loewe papers,</marc:subfield>
            <marc:subfield code="f">1914-1963.</marc:subfield>
        </marc:datafield>
        <marc:datafield tag="300" ind1=" " ind2=" ">
            <marc:subfield code="a">1.41 cubic ft. (2 boxes)</marc:subfield>
        </marc:datafield>
        <marc:datafield tag="520" ind1="2" ind2=" ">
            <marc:subfield code="a">Scrapbooks, dues books, diaries, notebook; 1916-1953; Convention reports and bills, a certificate, correspondence, photographs, news clippings and ephemera from Loewe's membership in the International Association of Machinists, Hope Lodge 79, role as a convention delegate to the Washington State Federation of Labor Convention in 1954 and 1955, and member of the King County Central Labor Council.</marc:subfield>
        </marc:datafield>
        <marc:datafield tag="506" ind1=" " ind2=" ">
            <marc:subfield code="a">Open to all users.</marc:subfield>
        </marc:datafield>
        <marc:datafield tag="540" ind1=" " ind2=" ">
            <marc:subfield code="a">Creator's literary rights transferred to the University of Washington Libraries.</marc:subfield>
        </marc:datafield>
        <marc:datafield tag="545" ind1="0" ind2=" ">
            <marc:subfield code="a">Rheinhold Loewe joined the Machinists Union, Hope Lodge 79 circa 1909 and served as a page for Samuel Gompers at the 1914 convention and William Green at the 1942 convention, both held in Seattle, Washington. Loewe later became a clerk in the King County Court System. He also served as the Machinists Union Auditor during the 1920's and was an active member of the American Federation of State, County and Municipal Employees.</marc:subfield>
        </marc:datafield>
        <marc:datafield tag="856" ind1="4" ind2="2">
            <marc:subfield code="u">http://www.lib.washington.edu/specialcoll/findaids/docs/papersrecords/LoeweRRheinhold5421.xml</marc:subfield>
            <marc:subfield code="z">Connect to the online finding aid for this collection</marc:subfield>
        </marc:datafield>
        <marc:datafield tag="049" ind1=" " ind2=" ">
            <marc:subfield code="a">WAUW</marc:subfield>
        </marc:datafield>
    </marc:record>