
    <marc:record>
        <marc:leader>01393cpc a22001933  4500</marc:leader>
        <marc:controlfield tag="001">123953865</marc:controlfield>
        <marc:controlfield tag="008">070503i18921979xx                  eng d</marc:controlfield>
        <marc:controlfield tag="005">20230628194321.3</marc:controlfield>
        <marc:datafield tag="040" ind1=" " ind2=" ">
            <marc:subfield code="a">WAU</marc:subfield>
            <marc:subfield code="b">eng</marc:subfield>
            <marc:subfield code="c">WAU</marc:subfield>
            <marc:subfield code="d">WAU</marc:subfield>
        </marc:datafield>
        <marc:datafield tag="100" ind1="1" ind2=" ">
            <marc:subfield code="a">Neylan, Mickey</marc:subfield>
        </marc:datafield>
        <marc:datafield tag="245" ind1="1" ind2="0">
            <marc:subfield code="a">Mickey Neylan papers,</marc:subfield>
            <marc:subfield code="f">1892-1979</marc:subfield>
        </marc:datafield>
        <marc:datafield tag="300" ind1=" " ind2=" ">
            <marc:subfield code="a">ca. .84 cubic ft</marc:subfield>
        </marc:datafield>
        <marc:datafield tag="520" ind1="2" ind2=" ">
            <marc:subfield code="a">Correspondence, publications, writings, ephemera, labor union and Socialist pamphlets, labor union song books, newsletters, clippings, photographs; 1897-1979.  In part, records of Seattle Typographical Union, Local 202.  Included also is an autobiography and a few other papers of Harry E.B. Ault, including material regarding his newspaper, the Seattle Union Record.  Neylan's personal papers include documentation about Equality Colony in Skagit County, Washington.</marc:subfield>
        </marc:datafield>
        <marc:datafield tag="506" ind1=" " ind2=" ">
            <marc:subfield code="a">Access may be restricted. Contact Special Collections for details.</marc:subfield>
        </marc:datafield>
        <marc:datafield tag="540" ind1=" " ind2=" ">
            <marc:subfield code="a">Some restrictions exist on duplication, quotation, or publication. Contact the repository for details</marc:subfield>
        </marc:datafield>
        <marc:datafield tag="545" ind1="0" ind2=" ">
            <marc:subfield code="a">Employee of the International Typographical Union Local #202, Seattle.  Her brother was Harry E.B. Ault.</marc:subfield>
        </marc:datafield>
        <marc:datafield tag="555" ind1=" " ind2=" ">
            <marc:subfield code="a">A finding aid to the papers in available in the Special Collections Division of the University of Washington Libraries and on the World Wide Web</marc:subfield>
        </marc:datafield>
        <marc:datafield tag="856" ind1="4" ind2="2">
            <marc:subfield code="u">https://archiveswest.orbiscascade.org/ark:80444/xv76446</marc:subfield>
            <marc:subfield code="z">Connect to the online finding aid for this collection</marc:subfield>
        </marc:datafield>
        <marc:datafield tag="049" ind1=" " ind2=" ">
            <marc:subfield code="a">WAUW</marc:subfield>
        </marc:datafield>
    </marc:record>