
    <marc:record>
        <marc:leader>06178cpcaa2200601 i 4500</marc:leader>
        <marc:controlfield tag="001">949456230</marc:controlfield>
        <marc:controlfield tag="008">160511i19342015wau                 eng d</marc:controlfield>
        <marc:controlfield tag="005">20220505101440.6</marc:controlfield>
        <marc:datafield tag="040" ind1=" " ind2=" ">
            <marc:subfield code="a">WAU</marc:subfield>
            <marc:subfield code="b">eng</marc:subfield>
            <marc:subfield code="e">rda</marc:subfield>
            <marc:subfield code="e">dacs</marc:subfield>
            <marc:subfield code="c">WAU</marc:subfield>
            <marc:subfield code="d">WAU</marc:subfield>
            <marc:subfield code="d">OCLCF</marc:subfield>
            <marc:subfield code="d">WAU</marc:subfield>
            <marc:subfield code="d">OCLCO</marc:subfield>
        </marc:datafield>
        <marc:datafield tag="046" ind1=" " ind2=" ">
            <marc:subfield code="k">1934</marc:subfield>
            <marc:subfield code="l">2015</marc:subfield>
        </marc:datafield>
        <marc:datafield tag="100" ind1="1" ind2=" ">
            <marc:subfield code="a">Parks, Norman B.,</marc:subfield>
            <marc:subfield code="e">creator.</marc:subfield>
        </marc:datafield>
        <marc:datafield tag="245" ind1="1" ind2="0">
            <marc:subfield code="a">Norman Parks papers.</marc:subfield>
        </marc:datafield>
        <marc:datafield tag="264" ind1=" " ind2="0">
            <marc:subfield code="c">1934-2015</marc:subfield>
        </marc:datafield>
        <marc:datafield tag="300" ind1=" " ind2=" ">
            <marc:subfield code="a">0.36</marc:subfield>
            <marc:subfield code="f">cubic feet</marc:subfield>
            <marc:subfield code="a">(1 box)</marc:subfield>
        </marc:datafield>
        <marc:datafield tag="336" ind1=" " ind2=" ">
            <marc:subfield code="a">text</marc:subfield>
            <marc:subfield code="b">txt</marc:subfield>
            <marc:subfield code="2">rdacontent</marc:subfield>
        </marc:datafield>
        <marc:datafield tag="336" ind1=" " ind2=" ">
            <marc:subfield code="a">tactile three-dimensional form</marc:subfield>
            <marc:subfield code="b">tcf</marc:subfield>
            <marc:subfield code="2">rdacontent</marc:subfield>
        </marc:datafield>
        <marc:datafield tag="337" ind1=" " ind2=" ">
            <marc:subfield code="a">unmediated</marc:subfield>
            <marc:subfield code="b">n</marc:subfield>
            <marc:subfield code="2">rdamedia</marc:subfield>
        </marc:datafield>
        <marc:datafield tag="338" ind1=" " ind2=" ">
            <marc:subfield code="a">sheet</marc:subfield>
            <marc:subfield code="b">nb</marc:subfield>
            <marc:subfield code="2">rdacarrier</marc:subfield>
        </marc:datafield>
        <marc:datafield tag="338" ind1=" " ind2=" ">
            <marc:subfield code="a">object</marc:subfield>
            <marc:subfield code="b">nr</marc:subfield>
            <marc:subfield code="2">rdacarrier</marc:subfield>
        </marc:datafield>
        <marc:datafield tag="545" ind1="0" ind2=" ">
            <marc:subfield code="a">Norman Parks is a retired secretary-treasurer of Portland ILWU Local 8 and a longtime negotiator of west coast longshore contracts, he obtained the coins in his role as local 8 officer in 1979.</marc:subfield>
        </marc:datafield>
        <marc:datafield tag="520" ind1="2" ind2=" ">
            <marc:subfield code="a">Collection of longshore maritime history materials gathered by Norman Parks relating to International Longshore and Warehouse Local 8 (Portland) and its predecessor, International Longshoremen's Association, Local 38-78. Much of the collection relates to the history of the Pacific Coast ILA and ILWU, with an emphasis on Portland and the 1934 Pacific Coast Maritime Strike. Included are medals minted by the Citizen's Emergency League, based out of Portland, Oregon. The League was a vigilante group started by the Portland Chamber of Commerce to break through picket lines caused by the 1934 maritime strike. According to historian Michael Munk, &quot;CEL members wore the service disks, inscribed 'CEL- for Law and Order' on one side and 'Minute Men, Lexington, Mass., 1776- Portland, Ore., 1934' on the other....they were stamped with the member's number and - together with red, white, and blue armbands bearing the letters C-E-L - were 'to be worn by members in case of being called out as law enforcement officers.'&quot; The context of the CEL is that many Portland police officers had relatives that were longshoremen and who were a They thought police were coddling longshoremen and passing on intelligence. The employers hired WWI veterans to beat up longshoremen during the strike, housing them on terminal 4. Oral tradition claims that longshoremen would beat the strikebreakers in retaliation for their attacks on strikes and take their coins as mementoes. Other coins in the collection include tokens good for a free meal or trade for strikers at various Portland waterfront bars, restaurants, and businesses including Ericson's Bar, Longshoreman's Social Club, the Portland Seamen's Center, and the Longshoremen's Lunch and Card Room. Other materials relate to the history of the strike, and an article by on the history and provenance of the vigilante coins and lunch tokens. The collection also includes a roster of post- WWII members kept to document who was registered and entitled to pension.</marc:subfield>
        </marc:datafield>
        <marc:datafield tag="506" ind1=" " ind2=" ">
            <marc:subfield code="a">No restrictions on access.</marc:subfield>
        </marc:datafield>
        <marc:datafield tag="540" ind1=" " ind2=" ">
            <marc:subfield code="a">Creator's copyrights transferred to the University of Washington Libraries Special Collections.</marc:subfield>
        </marc:datafield>
        <marc:datafield tag="561" ind1=" " ind2=" ">
            <marc:subfield code="a">According to Parks, many of the materials in this collection were salvaged when the union local sold its old building and moved to new one. The old hall was at 17th and Glissan and was previously a Swedish Church. During the move union member found a hidden room while rewiring, including materials relating to Local 8 and its history. Parks rescued the materials, which were in the process of being thrown away. Significant materials include a telegram from the 1934 Pacific Coast Maritime Strike and a minute books from Peabody, an early secretary of ILA in 1888 in Portland.</marc:subfield>
        </marc:datafield>
        <marc:datafield tag="544" ind1="1" ind2=" ">
            <marc:subfield code="n">Related materials can be found in the following collections: Albert H. Farmer papers, 1926-1981 University of Washington Libraries, Special Collections; Oral history interview with Frank Jenkins University of Washington Libraries, Special Collections; Ronald Magden papers University of Washington Libraries, Special Collections; Shaun Maloney papers University of Washington Libraries, Special Collections; Ottilie Markholt papers University of Washington Libraries, Special Collections; George Starkovich ephemera collection University of Washington Libraries, Special Collections; International Longshoremen's Association, Local Pacific Coast District records, 1934-1945 University of Oregon Libraries, Special Collections and University Archives.</marc:subfield>
        </marc:datafield>
        <marc:datafield tag="600" ind1="1" ind2="0">
            <marc:subfield code="a">Parks, Norman B.</marc:subfield>
            <marc:subfield code="v">Archives.</marc:subfield>
        </marc:datafield>
        <marc:datafield tag="610" ind1="2" ind2="0">
            <marc:subfield code="a">Citizen's Emergency League (Portland, Or.)</marc:subfield>
        </marc:datafield>
        <marc:datafield tag="610" ind1="2" ind2="0">
            <marc:subfield code="a">Citizen's Emergency League (Portland, Or.)</marc:subfield>
            <marc:subfield code="x">Membership.</marc:subfield>
        </marc:datafield>
        <marc:datafield tag="610" ind1="2" ind2="0">
            <marc:subfield code="a">International Longshore and Warehouse Union.</marc:subfield>
        </marc:datafield>
        <marc:datafield tag="650" ind1=" " ind2="0">
            <marc:subfield code="a">Strikes and lockouts</marc:subfield>
            <marc:subfield code="z">Oregon</marc:subfield>
            <marc:subfield code="z">Portland.</marc:subfield>
        </marc:datafield>
        <marc:datafield tag="650" ind1=" " ind2="0">
            <marc:subfield code="a">Labor unions</marc:subfield>
            <marc:subfield code="z">Oregon</marc:subfield>
            <marc:subfield code="z">Portland.</marc:subfield>
        </marc:datafield>
        <marc:datafield tag="650" ind1=" " ind2="0">
            <marc:subfield code="a">Labor</marc:subfield>
            <marc:subfield code="z">Oregon</marc:subfield>
            <marc:subfield code="z">Portland.</marc:subfield>
        </marc:datafield>
        <marc:datafield tag="650" ind1=" " ind2="0">
            <marc:subfield code="a">Labor movement</marc:subfield>
            <marc:subfield code="z">Oregon</marc:subfield>
            <marc:subfield code="z">Portland.</marc:subfield>
        </marc:datafield>
        <marc:datafield tag="650" ind1=" " ind2="6">
            <marc:subfield code="a">Grèves et lock-out</marc:subfield>
            <marc:subfield code="0">(CaQQLa)201-0003270</marc:subfield>
            <marc:subfield code="z">Oregon</marc:subfield>
            <marc:subfield code="0">(CaQQLa)201-0469857</marc:subfield>
            <marc:subfield code="z">Portland.</marc:subfield>
            <marc:subfield code="0">(CaQQLa)201-0469857</marc:subfield>
        </marc:datafield>
        <marc:datafield tag="650" ind1=" " ind2="6">
            <marc:subfield code="a">Syndicats</marc:subfield>
            <marc:subfield code="0">(CaQQLa)201-0007001</marc:subfield>
            <marc:subfield code="z">Oregon</marc:subfield>
            <marc:subfield code="0">(CaQQLa)201-0469857</marc:subfield>
            <marc:subfield code="z">Portland.</marc:subfield>
            <marc:subfield code="0">(CaQQLa)201-0469857</marc:subfield>
        </marc:datafield>
        <marc:datafield tag="650" ind1=" " ind2="6">
            <marc:subfield code="a">Travail</marc:subfield>
            <marc:subfield code="0">(CaQQLa)201-0093408</marc:subfield>
            <marc:subfield code="z">Oregon</marc:subfield>
            <marc:subfield code="0">(CaQQLa)201-0469857</marc:subfield>
            <marc:subfield code="z">Portland.</marc:subfield>
            <marc:subfield code="0">(CaQQLa)201-0469857</marc:subfield>
        </marc:datafield>
        <marc:datafield tag="650" ind1=" " ind2="6">
            <marc:subfield code="a">Mouvement ouvrier</marc:subfield>
            <marc:subfield code="0">(CaQQLa)201-0078721</marc:subfield>
            <marc:subfield code="z">Oregon</marc:subfield>
            <marc:subfield code="0">(CaQQLa)201-0469857</marc:subfield>
            <marc:subfield code="z">Portland.</marc:subfield>
            <marc:subfield code="0">(CaQQLa)201-0469857</marc:subfield>
        </marc:datafield>
        <marc:datafield tag="610" ind1="2" ind2="7">
            <marc:subfield code="a">International Longshore and Warehouse Union.</marc:subfield>
            <marc:subfield code="2">fast</marc:subfield>
            <marc:subfield code="0">(OCoLC)fst00774149</marc:subfield>
        </marc:datafield>
        <marc:datafield tag="650" ind1=" " ind2="7">
            <marc:subfield code="a">Labor.</marc:subfield>
            <marc:subfield code="2">fast</marc:subfield>
            <marc:subfield code="0">(OCoLC)fst00989798</marc:subfield>
        </marc:datafield>
        <marc:datafield tag="650" ind1=" " ind2="7">
            <marc:subfield code="a">Labor movement.</marc:subfield>
            <marc:subfield code="2">fast</marc:subfield>
            <marc:subfield code="0">(OCoLC)fst00990079</marc:subfield>
        </marc:datafield>
        <marc:datafield tag="650" ind1=" " ind2="7">
            <marc:subfield code="a">Labor unions.</marc:subfield>
            <marc:subfield code="2">fast</marc:subfield>
            <marc:subfield code="0">(OCoLC)fst00990260</marc:subfield>
        </marc:datafield>
        <marc:datafield tag="650" ind1=" " ind2="7">
            <marc:subfield code="a">Membership requirements.</marc:subfield>
            <marc:subfield code="2">fast</marc:subfield>
            <marc:subfield code="0">(OCoLC)fst01353685</marc:subfield>
        </marc:datafield>
        <marc:datafield tag="650" ind1=" " ind2="7">
            <marc:subfield code="a">Strikes and lockouts.</marc:subfield>
            <marc:subfield code="2">fast</marc:subfield>
            <marc:subfield code="0">(OCoLC)fst01135030</marc:subfield>
        </marc:datafield>
        <marc:datafield tag="651" ind1=" " ind2="7">
            <marc:subfield code="a">Oregon</marc:subfield>
            <marc:subfield code="z">Portland.</marc:subfield>
            <marc:subfield code="2">fast</marc:subfield>
            <marc:subfield code="0">(OCoLC)fst01204325</marc:subfield>
        </marc:datafield>
        <marc:datafield tag="655" ind1=" " ind2="2">
            <marc:subfield code="a">Ephemera</marc:subfield>
            <marc:subfield code="0">(DNLM)D019502</marc:subfield>
        </marc:datafield>
        <marc:datafield tag="655" ind1=" " ind2="7">
            <marc:subfield code="a">printed ephemera.</marc:subfield>
            <marc:subfield code="2">aat</marc:subfield>
            <marc:subfield code="0">(CStmoGRI)aatgf300264821</marc:subfield>
        </marc:datafield>
        <marc:datafield tag="655" ind1=" " ind2="7">
            <marc:subfield code="a">Archives.</marc:subfield>
            <marc:subfield code="2">fast</marc:subfield>
            <marc:subfield code="0">(OCoLC)fst01423700</marc:subfield>
        </marc:datafield>
        <marc:datafield tag="655" ind1=" " ind2="7">
            <marc:subfield code="a">Ephemera.</marc:subfield>
            <marc:subfield code="2">fast</marc:subfield>
            <marc:subfield code="0">(OCoLC)fst01919921</marc:subfield>
        </marc:datafield>
        <marc:datafield tag="655" ind1=" " ind2="7">
            <marc:subfield code="a">Ephemera.</marc:subfield>
            <marc:subfield code="2">lcgft</marc:subfield>
        </marc:datafield>
        <marc:datafield tag="655" ind1=" " ind2="7">
            <marc:subfield code="a">Documents éphémères.</marc:subfield>
            <marc:subfield code="2">rvmgf</marc:subfield>
            <marc:subfield code="0">(CaQQLa)RVMGF-000001046</marc:subfield>
        </marc:datafield>
        <marc:datafield tag="710" ind1="2" ind2=" ">
            <marc:subfield code="a">Labor Archives of Washington,</marc:subfield>
            <marc:subfield code="e">curator.</marc:subfield>
        </marc:datafield>
        <marc:datafield tag="856" ind1="4" ind2="2">
            <marc:subfield code="u">http://archiveswest.orbiscascade.org/ark:/80444/xv48416</marc:subfield>
            <marc:subfield code="z">Connect to the online finding aid for this collection</marc:subfield>
        </marc:datafield>
        <marc:datafield tag="049" ind1=" " ind2=" ">
            <marc:subfield code="a">WAUW</marc:subfield>
        </marc:datafield>
    </marc:record>