
    <marc:record>
        <marc:leader>01060cpcaa22001933  4500</marc:leader>
        <marc:controlfield tag="001">738478663</marc:controlfield>
        <marc:controlfield tag="008">110705s1936    xx                  eng d</marc:controlfield>
        <marc:controlfield tag="005">20170303045435.7</marc:controlfield>
        <marc:datafield tag="040" ind1=" " ind2=" ">
            <marc:subfield code="a">WAU</marc:subfield>
            <marc:subfield code="b">eng</marc:subfield>
            <marc:subfield code="c">WAU</marc:subfield>
            <marc:subfield code="d">WAU</marc:subfield>
            <marc:subfield code="d">OCLCQ</marc:subfield>
        </marc:datafield>
        <marc:datafield tag="100" ind1="1" ind2=" ">
            <marc:subfield code="a">Tippett, Tom.</marc:subfield>
        </marc:datafield>
        <marc:datafield tag="245" ind1="1" ind2="0">
            <marc:subfield code="a">Tom Tippett manuscript,</marc:subfield>
            <marc:subfield code="f">1936.</marc:subfield>
        </marc:datafield>
        <marc:datafield tag="300" ind1=" " ind2=" ">
            <marc:subfield code="a">.06 cubic ft. (1 oversized folder)</marc:subfield>
        </marc:datafield>
        <marc:datafield tag="520" ind1="2" ind2=" ">
            <marc:subfield code="a">Single printer's proof of Tom Tippett's unpublished typeset proof &quot;History of [Aeronautical Machinists Union, International Association of Machinists] District Lodge 751, 1935-1963.&quot;</marc:subfield>
        </marc:datafield>
        <marc:datafield tag="545" ind1="0" ind2=" ">
            <marc:subfield code="a">Tom Tippett: Former editor of newspaper of the Aeronautical Machinists Union's, International Association of Machinists District Lodge 751.</marc:subfield>
        </marc:datafield>
        <marc:datafield tag="506" ind1=" " ind2=" ">
            <marc:subfield code="a">Open to all users.</marc:subfield>
        </marc:datafield>
        <marc:datafield tag="540" ind1=" " ind2=" ">
            <marc:subfield code="a">Copyright not transferred. It is the researcher's responsibility to seek out current copyright status from any copyright holders.</marc:subfield>
        </marc:datafield>
        <marc:datafield tag="500" ind1=" " ind2=" ">
            <marc:subfield code="a">Processing levels vary. Contact the repository for details.</marc:subfield>
        </marc:datafield>
        <marc:datafield tag="856" ind1="4" ind2="2">
            <marc:subfield code="u">http://archiveswest.orbiscascade.org/ark:/80444/xv79800</marc:subfield>
            <marc:subfield code="z">Connect to the online finding aid for this collection</marc:subfield>
        </marc:datafield>
        <marc:datafield tag="049" ind1=" " ind2=" ">
            <marc:subfield code="a">WAUW</marc:subfield>
        </marc:datafield>
    </marc:record>