
    <marc:record>
        <marc:leader>01303cpcaa22001933  4500</marc:leader>
        <marc:controlfield tag="001">874137798</marc:controlfield>
        <marc:controlfield tag="008">140321i19462006xx                  eng d</marc:controlfield>
        <marc:controlfield tag="005">20230628210728.6</marc:controlfield>
        <marc:datafield tag="040" ind1=" " ind2=" ">
            <marc:subfield code="a">WAU</marc:subfield>
            <marc:subfield code="b">eng</marc:subfield>
            <marc:subfield code="c">WAU</marc:subfield>
            <marc:subfield code="d">WAU</marc:subfield>
            <marc:subfield code="d">OCLCO</marc:subfield>
            <marc:subfield code="d">WAU</marc:subfield>
        </marc:datafield>
        <marc:datafield tag="110" ind1="2" ind2=" ">
            <marc:subfield code="a">United Association of Journeymen and Apprentices of the Plumbing and Pipe Fitting Industry.</marc:subfield>
            <marc:subfield code="b">Washington State Association.</marc:subfield>
        </marc:datafield>
        <marc:datafield tag="245" ind1="1" ind2="0">
            <marc:subfield code="a">Washington State Association of U.A. of Journeymen and Apprentices of the Plumbing and Pipe Fitting Industry records,</marc:subfield>
            <marc:subfield code="f">1946-2006</marc:subfield>
            <marc:subfield code="g">(bulk: 1955-1980).</marc:subfield>
        </marc:datafield>
        <marc:datafield tag="300" ind1=" " ind2=" ">
            <marc:subfield code="a">6.06 cubic feet (6 boxes and 1 oversize folder)</marc:subfield>
        </marc:datafield>
        <marc:datafield tag="520" ind1="2" ind2=" ">
            <marc:subfield code="a">Meeting minutes, correspondence, contract negotiations, financial documents, legal cases, constitutions, by-laws, convention documents and resolutions.</marc:subfield>
        </marc:datafield>
        <marc:datafield tag="545" ind1="1" ind2=" ">
            <marc:subfield code="a">Washington State Association of U.A Plumbers and Pipefitters (WSA) was founded in 1921 to promote cooperation of all plumber and pipefitters local unions in the State of Washington so they may protect each local union member from &quot;unjust and injurious competition.&quot;</marc:subfield>
        </marc:datafield>
        <marc:datafield tag="506" ind1=" " ind2=" ">
            <marc:subfield code="a">Open to all users.</marc:subfield>
        </marc:datafield>
        <marc:datafield tag="540" ind1=" " ind2=" ">
            <marc:subfield code="a">Creator's literary rights transferred to the University of Washington Libraries.</marc:subfield>
        </marc:datafield>
        <marc:datafield tag="740" ind1="0" ind2=" ">
            <marc:subfield code="a">acc5800-001</marc:subfield>
        </marc:datafield>
        <marc:datafield tag="856" ind1="4" ind2="2">
            <marc:subfield code="u">https://archiveswest.orbiscascade.org/ark:80444/xv17755</marc:subfield>
            <marc:subfield code="z">Connect to the online finding aid for this collection</marc:subfield>
        </marc:datafield>
        <marc:datafield tag="049" ind1=" " ind2=" ">
            <marc:subfield code="a">WAUW</marc:subfield>
        </marc:datafield>
    </marc:record>