
    <marc:record>
        <marc:leader>03313cpcaa22004817a 4500</marc:leader>
        <marc:controlfield tag="001">28410939</marc:controlfield>
        <marc:controlfield tag="008">880803i19111958wau                 eng d</marc:controlfield>
        <marc:controlfield tag="005">20220725155827.7</marc:controlfield>
        <marc:datafield tag="010" ind1=" " ind2=" ">
            <marc:subfield code="a">   88797836 </marc:subfield>
        </marc:datafield>
        <marc:datafield tag="040" ind1=" " ind2=" ">
            <marc:subfield code="a">WAU</marc:subfield>
            <marc:subfield code="b">eng</marc:subfield>
            <marc:subfield code="e">dacs</marc:subfield>
            <marc:subfield code="c">WAU</marc:subfield>
            <marc:subfield code="d">DLC</marc:subfield>
            <marc:subfield code="d">OCL</marc:subfield>
            <marc:subfield code="d">OCLCQ</marc:subfield>
            <marc:subfield code="d">NUCMC</marc:subfield>
            <marc:subfield code="d">WAU</marc:subfield>
            <marc:subfield code="d">OCLCA</marc:subfield>
            <marc:subfield code="d">OCLCF</marc:subfield>
            <marc:subfield code="d">WAU</marc:subfield>
            <marc:subfield code="d">OCLCO</marc:subfield>
            <marc:subfield code="d">OCLCQ</marc:subfield>
        </marc:datafield>
        <marc:datafield tag="043" ind1=" " ind2=" ">
            <marc:subfield code="a">n-us-wa</marc:subfield>
        </marc:datafield>
        <marc:datafield tag="110" ind1="2" ind2=" ">
            <marc:subfield code="a">United Brotherhood of Carpenters and Joiners of America.</marc:subfield>
            <marc:subfield code="b">Local 1289 (Seattle, Wash.)</marc:subfield>
        </marc:datafield>
        <marc:datafield tag="245" ind1="1" ind2="0">
            <marc:subfield code="a">United Brotherhood of Carpenters and Joiners of America, Local 1289 records,</marc:subfield>
            <marc:subfield code="f">1911-1958.</marc:subfield>
        </marc:datafield>
        <marc:datafield tag="300" ind1=" " ind2=" ">
            <marc:subfield code="a">64 cubic feet.</marc:subfield>
        </marc:datafield>
        <marc:datafield tag="545" ind1="1" ind2=" ">
            <marc:subfield code="a">Trade union organization. Local 1289 is a Seattle affiliate of the United Brotherhood of Carpenters and Joiners of America.</marc:subfield>
        </marc:datafield>
        <marc:datafield tag="520" ind1="2" ind2=" ">
            <marc:subfield code="a">Correspondence (1922-1948), minutes (1911-1946), financial records (1918-1948), membership files (1911-1951), legal documents, reports, speeches, writings, election records (1924, 1943, 1945), convention proceedings, ephemera, and other records; together with minutes, financial records, reports, and other papers, of Central Labor Council of Seattle and Vicinity (1923-1930), Seattle Building Trades Council (1923-1944), and Washington State Council of United Brotherhood of Carpenters and Joiners of America (1922-1958).</marc:subfield>
        </marc:datafield>
        <marc:datafield tag="506" ind1=" " ind2=" ">
            <marc:subfield code="a">Access restricted: For terms of access contact repository.</marc:subfield>
        </marc:datafield>
        <marc:datafield tag="540" ind1=" " ind2=" ">
            <marc:subfield code="a">Creator's literary rights not transferred to the University of Washington Libraries.</marc:subfield>
        </marc:datafield>
        <marc:datafield tag="541" ind1=" " ind2=" ">
            <marc:subfield code="a">Merlin C. Brown, Secretary, Carpenters Local 1289, UBC and Joiners of America, Seattle;, September 10, 1969.</marc:subfield>
        </marc:datafield>
        <marc:datafield tag="555" ind1="0" ind2=" ">
            <marc:subfield code="a">Finding aid available in the repository and on the World Wide Web.</marc:subfield>
        </marc:datafield>
        <marc:datafield tag="610" ind1="2" ind2="0">
            <marc:subfield code="a">United Brotherhood of Carpenters and Joiners of America.</marc:subfield>
            <marc:subfield code="b">Local 1289 (Seattle, Wash.)</marc:subfield>
            <marc:subfield code="v">Archives.</marc:subfield>
        </marc:datafield>
        <marc:datafield tag="650" ind1=" " ind2="0">
            <marc:subfield code="a">Carpenters</marc:subfield>
            <marc:subfield code="z">Washington (State)</marc:subfield>
        </marc:datafield>
        <marc:datafield tag="650" ind1=" " ind2="0">
            <marc:subfield code="a">Woodworkers</marc:subfield>
            <marc:subfield code="z">Washington (State)</marc:subfield>
        </marc:datafield>
        <marc:datafield tag="650" ind1=" " ind2="0">
            <marc:subfield code="a">Carpenters</marc:subfield>
            <marc:subfield code="x">Labor unions</marc:subfield>
            <marc:subfield code="z">Washington (State)</marc:subfield>
        </marc:datafield>
        <marc:datafield tag="650" ind1=" " ind2="0">
            <marc:subfield code="a">Woodworkers</marc:subfield>
            <marc:subfield code="x">Labor unions</marc:subfield>
            <marc:subfield code="z">Washington (State)</marc:subfield>
        </marc:datafield>
        <marc:datafield tag="650" ind1=" " ind2="0">
            <marc:subfield code="a">Building trades</marc:subfield>
            <marc:subfield code="z">Washington (State)</marc:subfield>
        </marc:datafield>
        <marc:datafield tag="650" ind1=" " ind2="0">
            <marc:subfield code="a">Building trades</marc:subfield>
            <marc:subfield code="x">Employees</marc:subfield>
            <marc:subfield code="x">Labor unions</marc:subfield>
            <marc:subfield code="z">Washington (State)</marc:subfield>
        </marc:datafield>
        <marc:datafield tag="650" ind1=" " ind2="6">
            <marc:subfield code="a">Charpentiers</marc:subfield>
            <marc:subfield code="0">(CaQQLa)201-0009980</marc:subfield>
            <marc:subfield code="z">Washington (État)</marc:subfield>
            <marc:subfield code="0">(CaQQLa)201-0395184</marc:subfield>
        </marc:datafield>
        <marc:datafield tag="650" ind1=" " ind2="6">
            <marc:subfield code="a">Métiers de la construction</marc:subfield>
            <marc:subfield code="0">(CaQQLa)201-0034508</marc:subfield>
            <marc:subfield code="z">Washington (État)</marc:subfield>
            <marc:subfield code="0">(CaQQLa)201-0395184</marc:subfield>
        </marc:datafield>
        <marc:datafield tag="650" ind1=" " ind2="6">
            <marc:subfield code="a">Ouvriers de la construction</marc:subfield>
            <marc:subfield code="0">(CaQQLa)201-0091173</marc:subfield>
            <marc:subfield code="x">Syndicats</marc:subfield>
            <marc:subfield code="0">(CaQQLa)201-0091173</marc:subfield>
            <marc:subfield code="z">Washington (État)</marc:subfield>
            <marc:subfield code="0">(CaQQLa)201-0395184</marc:subfield>
        </marc:datafield>
        <marc:datafield tag="650" ind1=" " ind2="7">
            <marc:subfield code="a">Building trades.</marc:subfield>
            <marc:subfield code="2">fast</marc:subfield>
            <marc:subfield code="0">(OCoLC)fst00840860</marc:subfield>
        </marc:datafield>
        <marc:datafield tag="650" ind1=" " ind2="7">
            <marc:subfield code="a">Building trades</marc:subfield>
            <marc:subfield code="x">Employees</marc:subfield>
            <marc:subfield code="x">Labor unions.</marc:subfield>
            <marc:subfield code="2">fast</marc:subfield>
            <marc:subfield code="0">(OCoLC)fst00840869</marc:subfield>
        </marc:datafield>
        <marc:datafield tag="650" ind1=" " ind2="7">
            <marc:subfield code="a">Carpenters.</marc:subfield>
            <marc:subfield code="2">fast</marc:subfield>
            <marc:subfield code="0">(OCoLC)fst00847822</marc:subfield>
        </marc:datafield>
        <marc:datafield tag="650" ind1=" " ind2="7">
            <marc:subfield code="a">Carpenters</marc:subfield>
            <marc:subfield code="x">Labor unions.</marc:subfield>
            <marc:subfield code="2">fast</marc:subfield>
            <marc:subfield code="0">(OCoLC)fst00847827</marc:subfield>
        </marc:datafield>
        <marc:datafield tag="650" ind1=" " ind2="7">
            <marc:subfield code="a">Woodworkers.</marc:subfield>
            <marc:subfield code="2">fast</marc:subfield>
            <marc:subfield code="0">(OCoLC)fst01179911</marc:subfield>
        </marc:datafield>
        <marc:datafield tag="650" ind1=" " ind2="7">
            <marc:subfield code="a">Woodworkers</marc:subfield>
            <marc:subfield code="x">Labor unions.</marc:subfield>
            <marc:subfield code="2">fast</marc:subfield>
            <marc:subfield code="0">(OCoLC)fst01179915</marc:subfield>
        </marc:datafield>
        <marc:datafield tag="651" ind1=" " ind2="7">
            <marc:subfield code="a">Washington (State)</marc:subfield>
            <marc:subfield code="2">fast</marc:subfield>
            <marc:subfield code="0">(OCoLC)fst01204703</marc:subfield>
        </marc:datafield>
        <marc:datafield tag="655" ind1=" " ind2="7">
            <marc:subfield code="a">Archives.</marc:subfield>
            <marc:subfield code="2">fast</marc:subfield>
            <marc:subfield code="0">(OCoLC)fst01423700</marc:subfield>
        </marc:datafield>
        <marc:datafield tag="710" ind1="2" ind2=" ">
            <marc:subfield code="a">Central Labor Council of Seattle and Vicinity.</marc:subfield>
        </marc:datafield>
        <marc:datafield tag="710" ind1="2" ind2=" ">
            <marc:subfield code="a">Seattle Building Trades Council.</marc:subfield>
        </marc:datafield>
        <marc:datafield tag="710" ind1="2" ind2=" ">
            <marc:subfield code="a">United Brotherhood of Carpenters and Joiners of America.</marc:subfield>
            <marc:subfield code="b">Washington State Council.</marc:subfield>
        </marc:datafield>
        <marc:datafield tag="856" ind1="4" ind2="2">
            <marc:subfield code="u">http://archiveswest.orbiscascade.org/ark:/80444/xv50500/op=fstyle.aspx?t=k&amp;q=WAUUnitedBrotherhoodCarpentersJoinersAmerica1227</marc:subfield>
            <marc:subfield code="z">Connect to the online finding aid for this collection.</marc:subfield>
        </marc:datafield>
        <marc:datafield tag="049" ind1=" " ind2=" ">
            <marc:subfield code="a">WAUW</marc:subfield>
        </marc:datafield>
    </marc:record>