
    <marc:record>
        <marc:leader>03013cpcaa22004937a 4500</marc:leader>
        <marc:controlfield tag="001">28415226</marc:controlfield>
        <marc:controlfield tag="008">880826i18881960xx                  eng d</marc:controlfield>
        <marc:controlfield tag="005">20220725172939.9</marc:controlfield>
        <marc:datafield tag="010" ind1=" " ind2=" ">
            <marc:subfield code="a">   88798207 </marc:subfield>
            <marc:subfield code="b">ms 87001851 </marc:subfield>
        </marc:datafield>
        <marc:datafield tag="040" ind1=" " ind2=" ">
            <marc:subfield code="a">WaU</marc:subfield>
            <marc:subfield code="b">eng</marc:subfield>
            <marc:subfield code="e">dacs</marc:subfield>
            <marc:subfield code="c">DLC</marc:subfield>
            <marc:subfield code="d">WAU</marc:subfield>
            <marc:subfield code="d">OCLCQ</marc:subfield>
            <marc:subfield code="d">NUCMC</marc:subfield>
            <marc:subfield code="d">WAU</marc:subfield>
            <marc:subfield code="d">OCLCA</marc:subfield>
            <marc:subfield code="d">OCLCF</marc:subfield>
            <marc:subfield code="d">OCLCO</marc:subfield>
            <marc:subfield code="d">OCLCQ</marc:subfield>
        </marc:datafield>
        <marc:datafield tag="043" ind1=" " ind2=" ">
            <marc:subfield code="a">n-us-wa</marc:subfield>
        </marc:datafield>
        <marc:datafield tag="110" ind1="2" ind2=" ">
            <marc:subfield code="a">United Brotherhood of Carpenters and Joiners of America.</marc:subfield>
            <marc:subfield code="b">Local 131 (Seattle, Wash.)</marc:subfield>
        </marc:datafield>
        <marc:datafield tag="245" ind1="1" ind2="0">
            <marc:subfield code="a">United Brotherhood of Carpenters and Joiners of America, Local 131 records,</marc:subfield>
            <marc:subfield code="f">1888-1960.</marc:subfield>
        </marc:datafield>
        <marc:datafield tag="300" ind1=" " ind2=" ">
            <marc:subfield code="a">9 cubic feet.</marc:subfield>
        </marc:datafield>
        <marc:datafield tag="545" ind1="1" ind2=" ">
            <marc:subfield code="a">Trade union organization. Local 131 is a Seattle affiliate of the United Brotherhood of Carpenters and Joiners of America.</marc:subfield>
        </marc:datafield>
        <marc:datafield tag="520" ind1="2" ind2=" ">
            <marc:subfield code="a">Correspondence (1923-1952), organizational materials, minutes (1908-1960), financial records (1897-1951), reports (1910), yearbooks, and other records. Includes Washington Benevolent Association records and minutes of the Portland, Seattle, and Tacoma Building Trades councils.</marc:subfield>
        </marc:datafield>
        <marc:datafield tag="506" ind1=" " ind2=" ">
            <marc:subfield code="a">Access restricted: For terms of access contact repository.</marc:subfield>
        </marc:datafield>
        <marc:datafield tag="540" ind1=" " ind2=" ">
            <marc:subfield code="a">Creator's literary rights not transferred to the University of Washington Libraries.</marc:subfield>
        </marc:datafield>
        <marc:datafield tag="541" ind1=" " ind2=" ">
            <marc:subfield code="a">Donated by Robert Simon, Secretary, Carpenters Local 131, UBC and J of America, September 10, 1969</marc:subfield>
        </marc:datafield>
        <marc:datafield tag="555" ind1="0" ind2=" ">
            <marc:subfield code="a">Finding aid available in the repository and on the World Wide Web.</marc:subfield>
        </marc:datafield>
        <marc:datafield tag="610" ind1="2" ind2="0">
            <marc:subfield code="a">United Brotherhood of Carpenters and Joiners of America.</marc:subfield>
            <marc:subfield code="b">Local 131 (Seattle, Wash.)</marc:subfield>
            <marc:subfield code="v">Archives.</marc:subfield>
        </marc:datafield>
        <marc:datafield tag="650" ind1=" " ind2="0">
            <marc:subfield code="a">Labor unions</marc:subfield>
            <marc:subfield code="z">Washington (State)</marc:subfield>
        </marc:datafield>
        <marc:datafield tag="650" ind1=" " ind2="0">
            <marc:subfield code="a">Carpenters</marc:subfield>
            <marc:subfield code="z">Washington (State)</marc:subfield>
        </marc:datafield>
        <marc:datafield tag="650" ind1=" " ind2="0">
            <marc:subfield code="a">Woodworkers</marc:subfield>
            <marc:subfield code="z">Washington (State)</marc:subfield>
        </marc:datafield>
        <marc:datafield tag="650" ind1=" " ind2="0">
            <marc:subfield code="a">Fraternal organizations</marc:subfield>
            <marc:subfield code="z">Washington (State)</marc:subfield>
        </marc:datafield>
        <marc:datafield tag="650" ind1=" " ind2="0">
            <marc:subfield code="a">Labor union welfare funds</marc:subfield>
            <marc:subfield code="z">Washington (State)</marc:subfield>
        </marc:datafield>
        <marc:datafield tag="650" ind1=" " ind2="6">
            <marc:subfield code="a">Syndicats</marc:subfield>
            <marc:subfield code="0">(CaQQLa)201-0007001</marc:subfield>
            <marc:subfield code="z">Washington (État)</marc:subfield>
            <marc:subfield code="0">(CaQQLa)201-0395184</marc:subfield>
        </marc:datafield>
        <marc:datafield tag="650" ind1=" " ind2="6">
            <marc:subfield code="a">Charpentiers</marc:subfield>
            <marc:subfield code="0">(CaQQLa)201-0009980</marc:subfield>
            <marc:subfield code="z">Washington (État)</marc:subfield>
            <marc:subfield code="0">(CaQQLa)201-0395184</marc:subfield>
        </marc:datafield>
        <marc:datafield tag="650" ind1=" " ind2="6">
            <marc:subfield code="a">Sociétés d'aide mutuelle</marc:subfield>
            <marc:subfield code="0">(CaQQLa)201-0046552</marc:subfield>
            <marc:subfield code="z">Washington (État)</marc:subfield>
            <marc:subfield code="0">(CaQQLa)201-0395184</marc:subfield>
        </marc:datafield>
        <marc:datafield tag="650" ind1=" " ind2="6">
            <marc:subfield code="a">Syndicats</marc:subfield>
            <marc:subfield code="0">(CaQQLa)201-0003172</marc:subfield>
            <marc:subfield code="x">Caisses de prévoyance sociale</marc:subfield>
            <marc:subfield code="0">(CaQQLa)201-0003172</marc:subfield>
            <marc:subfield code="z">Washington (État)</marc:subfield>
            <marc:subfield code="0">(CaQQLa)201-0395184</marc:subfield>
        </marc:datafield>
        <marc:datafield tag="650" ind1=" " ind2="7">
            <marc:subfield code="a">Carpenters.</marc:subfield>
            <marc:subfield code="2">fast</marc:subfield>
            <marc:subfield code="0">(OCoLC)fst00847822</marc:subfield>
        </marc:datafield>
        <marc:datafield tag="650" ind1=" " ind2="7">
            <marc:subfield code="a">Fraternal organizations.</marc:subfield>
            <marc:subfield code="2">fast</marc:subfield>
            <marc:subfield code="0">(OCoLC)fst01430375</marc:subfield>
        </marc:datafield>
        <marc:datafield tag="650" ind1=" " ind2="7">
            <marc:subfield code="a">Labor union welfare funds.</marc:subfield>
            <marc:subfield code="2">fast</marc:subfield>
            <marc:subfield code="0">(OCoLC)fst00990257</marc:subfield>
        </marc:datafield>
        <marc:datafield tag="650" ind1=" " ind2="7">
            <marc:subfield code="a">Labor unions.</marc:subfield>
            <marc:subfield code="2">fast</marc:subfield>
            <marc:subfield code="0">(OCoLC)fst00990260</marc:subfield>
        </marc:datafield>
        <marc:datafield tag="650" ind1=" " ind2="7">
            <marc:subfield code="a">Woodworkers.</marc:subfield>
            <marc:subfield code="2">fast</marc:subfield>
            <marc:subfield code="0">(OCoLC)fst01179911</marc:subfield>
        </marc:datafield>
        <marc:datafield tag="651" ind1=" " ind2="7">
            <marc:subfield code="a">Washington (State)</marc:subfield>
            <marc:subfield code="2">fast</marc:subfield>
            <marc:subfield code="0">(OCoLC)fst01204703</marc:subfield>
        </marc:datafield>
        <marc:datafield tag="655" ind1=" " ind2="7">
            <marc:subfield code="a">Archives.</marc:subfield>
            <marc:subfield code="2">fast</marc:subfield>
            <marc:subfield code="0">(OCoLC)fst01423700</marc:subfield>
        </marc:datafield>
        <marc:datafield tag="655" ind1=" " ind2="7">
            <marc:subfield code="a">Yearbooks.</marc:subfield>
            <marc:subfield code="2">ftamc</marc:subfield>
        </marc:datafield>
        <marc:datafield tag="710" ind1="2" ind2=" ">
            <marc:subfield code="a">Washington Benevolent Association (Seattle, Wash.)</marc:subfield>
        </marc:datafield>
        <marc:datafield tag="710" ind1="2" ind2=" ">
            <marc:subfield code="a">Portland Building Trades Council (Portland, Or.)</marc:subfield>
        </marc:datafield>
        <marc:datafield tag="710" ind1="2" ind2=" ">
            <marc:subfield code="a">Seattle Building Trades Council.</marc:subfield>
        </marc:datafield>
        <marc:datafield tag="710" ind1="2" ind2=" ">
            <marc:subfield code="a">Tacoma Building Trades Council.</marc:subfield>
        </marc:datafield>
        <marc:datafield tag="856" ind1="4" ind2="2">
            <marc:subfield code="u">http://digital.lib.washington.edu/findingaids/view?docId=UnitedBrotherhoodCarpentersJoinersAmerica1228.xml</marc:subfield>
            <marc:subfield code="z">Connect to the online finding aid for this collection.</marc:subfield>
        </marc:datafield>
        <marc:datafield tag="049" ind1=" " ind2=" ">
            <marc:subfield code="a">WAUW</marc:subfield>
        </marc:datafield>
    </marc:record>