
    <marc:record>
        <marc:leader>02249npcaa22002657a 4500</marc:leader>
        <marc:controlfield tag="001">1390766721</marc:controlfield>
        <marc:controlfield tag="005">20230719194443.2</marc:controlfield>
        <marc:controlfield tag="008">230719i19221934xx      a           eng d</marc:controlfield>
        <marc:datafield tag="040" ind1=" " ind2=" ">
            <marc:subfield code="a">WAU</marc:subfield>
            <marc:subfield code="b">eng</marc:subfield>
            <marc:subfield code="c">WAU</marc:subfield>
        </marc:datafield>
        <marc:datafield tag="049" ind1=" " ind2=" ">
            <marc:subfield code="a">WAUW</marc:subfield>
        </marc:datafield>
        <marc:datafield tag="100" ind1="1" ind2=" ">
            <marc:subfield code="a">Hopkinson, E. William,</marc:subfield>
            <marc:subfield code="d">1875-1956,</marc:subfield>
            <marc:subfield code="e">creator.</marc:subfield>
        </marc:datafield>
        <marc:datafield tag="245" ind1="1" ind2="0">
            <marc:subfield code="a">E. William Hopkinson papers,</marc:subfield>
            <marc:subfield code="f">1922-1934.</marc:subfield>
        </marc:datafield>
        <marc:datafield tag="246" ind1="3" ind2="0">
            <marc:subfield code="a">E. William Hopkinson papers,</marc:subfield>
            <marc:subfield code="f">1922-1934</marc:subfield>
        </marc:datafield>
        <marc:datafield tag="300" ind1=" " ind2=" ">
            <marc:subfield code="a">1 microfilm reel (positive)</marc:subfield>
        </marc:datafield>
        <marc:datafield tag="520" ind1="2" ind2=" ">
            <marc:subfield code="a">Microfilm of a diary (1922-23), financial and supply records (1922-23), correspondence (1922-34), an agreement with the Soviet of Labor and Defense, constitution and bylaws, prospectus, maps, and other materials of the Industrial Workers of the World Autonomous Industrial Colony in the Kuznetsk Basin, Kemeroro, U.S.S.R., for which Hopkinson, of Pierce County, Washington, was a timber expert.</marc:subfield>
        </marc:datafield>
        <marc:datafield tag="540" ind1=" " ind2=" ">
            <marc:subfield code="a">Some restrictions exist on duplication, quotation, or publication. Contact the repository for details.</marc:subfield>
        </marc:datafield>
        <marc:datafield tag="545" ind1="0" ind2=" ">
            <marc:subfield code="a">Edwin William Hopkinson (1875-1956) was born in Iola, Kansas. He was a labor activist, farmer, chicken rancher, and chairman of Communist Party of Pierce County, Washington as well as the timber expert of the Autonomous Industrial Colony in Kuznetsk Basin, Kemerovo, Siberia (it was a mining operation). He was a member of the Industrial Workers of the World, and closely associated with the Unemployed Citizens Council of Pierce County, with the Washington Pension Union, and leftist movements. His wife Mary (Bartels) Hopkinson was also an activist in labor movements, especially the Washington Pension Union.</marc:subfield>
        </marc:datafield>
        <marc:datafield tag="500" ind1=" " ind2=" ">
            <marc:subfield code="a">Filmed from originals in possession of Dr. Mary Hopkinson (widow), 5/24/1964.</marc:subfield>
        </marc:datafield>
        <marc:datafield tag="600" ind1="1" ind2="0">
            <marc:subfield code="a">Hopkinson, E. William,</marc:subfield>
            <marc:subfield code="d">1875-1956</marc:subfield>
            <marc:subfield code="v">Archives.</marc:subfield>
        </marc:datafield>
        <marc:datafield tag="610" ind1="2" ind2="0">
            <marc:subfield code="a">Industrial Workers of the World</marc:subfield>
            <marc:subfield code="v">Archives.</marc:subfield>
        </marc:datafield>
        <marc:datafield tag="655" ind1=" " ind2="7">
            <marc:subfield code="a">Diaries.</marc:subfield>
            <marc:subfield code="2">lcgft</marc:subfield>
        </marc:datafield>
        <marc:datafield tag="655" ind1=" " ind2="7">
            <marc:subfield code="a">Records (Documents)</marc:subfield>
            <marc:subfield code="2">lcgft</marc:subfield>
        </marc:datafield>
        <marc:datafield tag="787" ind1="0" ind2="8">
            <marc:subfield code="i">Complemented by (work):</marc:subfield>
            <marc:subfield code="a">Hopkinson, E. William, 1875-1956.</marc:subfield>
            <marc:subfield code="t">E. William and Mary Hopkinson papers, 1922-1934</marc:subfield>
            <marc:subfield code="w">(OCoLC)123949267</marc:subfield>
        </marc:datafield>
        <marc:datafield tag="856" ind1="4" ind2="2">
            <marc:subfield code="u">https://archiveswest.orbiscascade.org/ark:80444/xv30520</marc:subfield>
            <marc:subfield code="z">Connect to the online finding aid for this collection.</marc:subfield>
        </marc:datafield>
        <marc:datafield tag="856" ind1="4" ind2="2">
            <marc:subfield code="u">http://archiveswest.orbiscascade.org/ark:/80444/xv356902</marc:subfield>
            <marc:subfield code="z">Connect to the online finding aid for related collection.</marc:subfield>
        </marc:datafield>
    </marc:record>