
    <marc:record>
        <marc:leader>02058cpcaa2200409Ii 4500</marc:leader>
        <marc:controlfield tag="001">948811256</marc:controlfield>
        <marc:controlfield tag="008">160506s2015    xxu                 eng  </marc:controlfield>
        <marc:controlfield tag="005">20220513184410.2</marc:controlfield>
        <marc:datafield tag="040" ind1=" " ind2=" ">
            <marc:subfield code="a">WAU</marc:subfield>
            <marc:subfield code="b">eng</marc:subfield>
            <marc:subfield code="e">dacs</marc:subfield>
            <marc:subfield code="c">WAU</marc:subfield>
            <marc:subfield code="d">WAU</marc:subfield>
            <marc:subfield code="d">OCLCF</marc:subfield>
            <marc:subfield code="d">OCL</marc:subfield>
            <marc:subfield code="d">WAU</marc:subfield>
            <marc:subfield code="d">OCLCO</marc:subfield>
        </marc:datafield>
        <marc:datafield tag="046" ind1=" " ind2=" ">
            <marc:subfield code="k">2015</marc:subfield>
        </marc:datafield>
        <marc:datafield tag="100" ind1="1" ind2=" ">
            <marc:subfield code="a">Brady, Jerry,</marc:subfield>
            <marc:subfield code="e">creator.</marc:subfield>
        </marc:datafield>
        <marc:datafield tag="245" ind1="1" ind2="0">
            <marc:subfield code="a">Jerry Brady papers.</marc:subfield>
        </marc:datafield>
        <marc:datafield tag="264" ind1=" " ind2="0">
            <marc:subfield code="c">circa 2015.</marc:subfield>
        </marc:datafield>
        <marc:datafield tag="300" ind1=" " ind2=" ">
            <marc:subfield code="a">1 Vertical File</marc:subfield>
        </marc:datafield>
        <marc:datafield tag="336" ind1=" " ind2=" ">
            <marc:subfield code="a">text</marc:subfield>
            <marc:subfield code="b">txt</marc:subfield>
            <marc:subfield code="2">rdacontent</marc:subfield>
        </marc:datafield>
        <marc:datafield tag="337" ind1=" " ind2=" ">
            <marc:subfield code="a">unmediated</marc:subfield>
            <marc:subfield code="b">n</marc:subfield>
            <marc:subfield code="2">rdamedia</marc:subfield>
        </marc:datafield>
        <marc:datafield tag="338" ind1=" " ind2=" ">
            <marc:subfield code="a">volume</marc:subfield>
            <marc:subfield code="b">nc</marc:subfield>
            <marc:subfield code="2">rdacarrier</marc:subfield>
        </marc:datafield>
        <marc:datafield tag="386" ind1=" " ind2=" ">
            <marc:subfield code="a">Californians</marc:subfield>
            <marc:subfield code="2">lcdgt</marc:subfield>
        </marc:datafield>
        <marc:datafield tag="386" ind1=" " ind2=" ">
            <marc:subfield code="a">Men</marc:subfield>
            <marc:subfield code="2">lcdgt</marc:subfield>
        </marc:datafield>
        <marc:datafield tag="500" ind1=" " ind2=" ">
            <marc:subfield code="a">Archivist devised title.</marc:subfield>
        </marc:datafield>
        <marc:datafield tag="545" ind1="0" ind2=" ">
            <marc:subfield code="a">Jerry Brady is a retired member of the International Longshore and Warehouse Union, Local 63 (Long Beach and Los Angeles ship's clerks) as well as an active member of the Pacific Coast Pensioners Association. Brady is a poet and often reads his original compositions at pensioner and ILWU related events throughout the Pacific Coast.</marc:subfield>
        </marc:datafield>
        <marc:datafield tag="520" ind1="2" ind2=" ">
            <marc:subfield code="a">One copy of &quot;Poems and Pictures of the ILWU,&quot; a self published compilation of waterfront and family photos accompanied by poems on personal and political topics.</marc:subfield>
        </marc:datafield>
        <marc:datafield tag="506" ind1=" " ind2=" ">
            <marc:subfield code="a">No restrictions on access.</marc:subfield>
        </marc:datafield>
        <marc:datafield tag="540" ind1=" " ind2=" ">
            <marc:subfield code="a">Copyrights retained by creator but the University of Washington Libraries Special Collections can grant use permissions.</marc:subfield>
        </marc:datafield>
        <marc:datafield tag="541" ind1=" " ind2=" ">
            <marc:subfield code="c">Acquired from</marc:subfield>
            <marc:subfield code="a">Jerry Brady</marc:subfield>
            <marc:subfield code="d">2015-07-07.</marc:subfield>
        </marc:datafield>
        <marc:datafield tag="610" ind1="2" ind2="0">
            <marc:subfield code="a">International Longshore and Warehouse Union</marc:subfield>
            <marc:subfield code="v">Poetry.</marc:subfield>
        </marc:datafield>
        <marc:datafield tag="610" ind1="2" ind2="0">
            <marc:subfield code="a">International Longshore and Warehouse Union</marc:subfield>
            <marc:subfield code="v">Photographs.</marc:subfield>
        </marc:datafield>
        <marc:datafield tag="610" ind1="2" ind2="7">
            <marc:subfield code="a">International Longshore and Warehouse Union.</marc:subfield>
            <marc:subfield code="2">fast</marc:subfield>
            <marc:subfield code="0">(OCoLC)fst00774149</marc:subfield>
        </marc:datafield>
        <marc:datafield tag="655" ind1=" " ind2="2">
            <marc:subfield code="a">Poetry</marc:subfield>
            <marc:subfield code="0">(DNLM)D055821</marc:subfield>
        </marc:datafield>
        <marc:datafield tag="655" ind1=" " ind2="7">
            <marc:subfield code="a">poetry.</marc:subfield>
            <marc:subfield code="2">aat</marc:subfield>
            <marc:subfield code="0">(CStmoGRI)aatgf300055931</marc:subfield>
        </marc:datafield>
        <marc:datafield tag="655" ind1=" " ind2="7">
            <marc:subfield code="a">Photographs.</marc:subfield>
            <marc:subfield code="2">fast</marc:subfield>
            <marc:subfield code="0">(OCoLC)fst01423689</marc:subfield>
        </marc:datafield>
        <marc:datafield tag="655" ind1=" " ind2="7">
            <marc:subfield code="a">Poetry.</marc:subfield>
            <marc:subfield code="2">fast</marc:subfield>
            <marc:subfield code="0">(OCoLC)fst01423828</marc:subfield>
        </marc:datafield>
        <marc:datafield tag="655" ind1=" " ind2="7">
            <marc:subfield code="a">Poetry.</marc:subfield>
            <marc:subfield code="2">lcgft</marc:subfield>
        </marc:datafield>
        <marc:datafield tag="655" ind1=" " ind2="7">
            <marc:subfield code="a">Poésie.</marc:subfield>
            <marc:subfield code="2">rvmgf</marc:subfield>
            <marc:subfield code="0">(CaQQLa)RVMGF-000000476</marc:subfield>
        </marc:datafield>
        <marc:datafield tag="710" ind1="2" ind2=" ">
            <marc:subfield code="a">Labor Archives of Washington,</marc:subfield>
            <marc:subfield code="e">curator.</marc:subfield>
        </marc:datafield>
        <marc:datafield tag="856" ind1="4" ind2="2">
            <marc:subfield code="u">http://archiveswest.orbiscascade.org/ark:/80444/xv74368</marc:subfield>
            <marc:subfield code="z">Connect to the online finding aid for this collection</marc:subfield>
        </marc:datafield>
        <marc:datafield tag="049" ind1=" " ind2=" ">
            <marc:subfield code="a">WAUW</marc:subfield>
        </marc:datafield>
    </marc:record>