
    <marc:record>
        <marc:leader>02376cpcaa22002053  4500</marc:leader>
        <marc:controlfield tag="001">768346029</marc:controlfield>
        <marc:controlfield tag="008">111214i19891992xx                  eng d</marc:controlfield>
        <marc:controlfield tag="005">20230628202301.8</marc:controlfield>
        <marc:datafield tag="040" ind1=" " ind2=" ">
            <marc:subfield code="a">WAU</marc:subfield>
            <marc:subfield code="b">eng</marc:subfield>
            <marc:subfield code="c">WAU</marc:subfield>
            <marc:subfield code="d">WAU</marc:subfield>
            <marc:subfield code="d">OCLCQ</marc:subfield>
            <marc:subfield code="d">WAU</marc:subfield>
            <marc:subfield code="d">OCLCO</marc:subfield>
            <marc:subfield code="d">WAU</marc:subfield>
        </marc:datafield>
        <marc:datafield tag="100" ind1="1" ind2=" ">
            <marc:subfield code="a">Duggan, Robert D.,</marc:subfield>
            <marc:subfield code="d">1932-</marc:subfield>
        </marc:datafield>
        <marc:datafield tag="245" ind1="1" ind2="0">
            <marc:subfield code="a">Robert D. Duggan papers</marc:subfield>
            <marc:subfield code="f">1989-1992.</marc:subfield>
        </marc:datafield>
        <marc:datafield tag="300" ind1=" " ind2=" ">
            <marc:subfield code="a">300 5 cubic ft. (5 boxes)</marc:subfield>
        </marc:datafield>
        <marc:datafield tag="520" ind1="2" ind2=" ">
            <marc:subfield code="a">This collection of papers contains a large amount of materials relating to the fundraising drive and the logistics behind the creation of the Harry Bridges Chair for Labor Studies in 1992.</marc:subfield>
        </marc:datafield>
        <marc:datafield tag="545" ind1="0" ind2=" ">
            <marc:subfield code="a">Robert D. Duggan, known to all as &quot;Bob&quot; was born in Seattle, Washington on September 7, 1932. Bob graduated from Foster High School in 1950 and immediately enrolled at University of Washington summer program. He also started work on the Seattle waterfront in August 1950. His longshore employment paid all the costs of his college education and later a large portion of his law school education. He graduated with a BA in Labor Economics in June of 1954. In December 1954 he was called to active duty with the United States Air Force. In February 1956 he was awarded his &quot;wings&quot; as a jet fighter pilot. In December 1955 he married Martha H.&quot; Marty&quot; Duggan (1934-2003), the mother of his 3 children, In September 1958, he entered the University of Washington School of Law, graduating 1961. In September 1961, he began what turned out to be 40 years of law practice, representing longshoremen, harbor workers, seaman and fishermen. He also represented all ILWU locals in Washington over that 40 year span. In 1989-90 while serving as president of the University of Washington Alumni Association, he began to promote the idea of establishing an endowed chair in honor of Harry Bridges. He was instrumental in raising the funds to establish the chair in 1992. Bob married Judith Turner Duggan on December 17, 2006.</marc:subfield>
        </marc:datafield>
        <marc:datafield tag="506" ind1=" " ind2=" ">
            <marc:subfield code="a">Open to all users.</marc:subfield>
        </marc:datafield>
        <marc:datafield tag="540" ind1=" " ind2=" ">
            <marc:subfield code="a">Creator's literary rights transferred to the University of Washington Libraries.</marc:subfield>
        </marc:datafield>
        <marc:datafield tag="500" ind1=" " ind2=" ">
            <marc:subfield code="a">Processing levels vary. Contact the repository for details.</marc:subfield>
        </marc:datafield>
        <marc:datafield tag="555" ind1="0" ind2=" ">
            <marc:subfield code="a">A finding aid to the papers is available in the Special Collections Division of the University of Washington Libraries and on the World Wide Web.</marc:subfield>
        </marc:datafield>
        <marc:datafield tag="856" ind1="4" ind2="2">
            <marc:subfield code="u">https://archiveswest.orbiscascade.org/ark:80444/xv55499</marc:subfield>
            <marc:subfield code="z">Connect to the online finding aid for this collection</marc:subfield>
        </marc:datafield>
        <marc:datafield tag="049" ind1=" " ind2=" ">
            <marc:subfield code="a">WAUW</marc:subfield>
        </marc:datafield>
    </marc:record>