
    <marc:record>
        <marc:leader>01870cpcaa22001933  4500</marc:leader>
        <marc:controlfield tag="001">805564318</marc:controlfield>
        <marc:controlfield tag="008">120809i19932006xx                  eng d</marc:controlfield>
        <marc:controlfield tag="005">20230628192017.7</marc:controlfield>
        <marc:datafield tag="040" ind1=" " ind2=" ">
            <marc:subfield code="a">WAU</marc:subfield>
            <marc:subfield code="b">eng</marc:subfield>
            <marc:subfield code="c">WAU</marc:subfield>
            <marc:subfield code="d">WAU</marc:subfield>
            <marc:subfield code="d">OCLCO</marc:subfield>
            <marc:subfield code="d">WAU</marc:subfield>
            <marc:subfield code="d">OCLCQ</marc:subfield>
            <marc:subfield code="d">OCLCO</marc:subfield>
            <marc:subfield code="d">WAU</marc:subfield>
        </marc:datafield>
        <marc:datafield tag="100" ind1="1" ind2=" ">
            <marc:subfield code="a">Rosenblum, Jonathan,</marc:subfield>
            <marc:subfield code="d">1961-</marc:subfield>
        </marc:datafield>
        <marc:datafield tag="245" ind1="1" ind2="0">
            <marc:subfield code="a">Jonathan Rosenblum papers,</marc:subfield>
            <marc:subfield code="f">1993-2006.</marc:subfield>
        </marc:datafield>
        <marc:datafield tag="300" ind1=" " ind2=" ">
            <marc:subfield code="a">1 cubic ft. (1 box)</marc:subfield>
        </marc:datafield>
        <marc:datafield tag="520" ind1="2" ind2=" ">
            <marc:subfield code="a">The collection contains records related to Rosenblum's involvement as founding organizer with Washington State Jobs With Justice (WSJWJ), 1993-1997, along with media clips, governing documents, and meeting notes; records from Rosenblum's role as an organizer for the Union Cities Campaign, King County Labor Council, AFL-CIO, 1996-1997; records from the founding of WashTech, 1997, concerning the effort to unionize high tech workers; founding materials, meeting notes and reports from Rosenblum's directorship of Seattle Union Now, AFL-CIO, 1997-2001; documents involving the coalition of groups in the World Trade Organization protests, November 1999; material from the Florida Recount, November 2000, in which AFL-CIO staff were sent to Florida to assist with ballot recount efforts; records from the WTO Anniversary protest, November 2000; and clippings and affidavits concerning the &quot;Pro-Israel&quot; rally arrest and subsequent fallout in the Jewish community, 2002.</marc:subfield>
        </marc:datafield>
        <marc:datafield tag="545" ind1="0" ind2=" ">
            <marc:subfield code="a">Jonathan Rosenblum is a political planner and labor organizer for local and regional campaigns.</marc:subfield>
        </marc:datafield>
        <marc:datafield tag="506" ind1=" " ind2=" ">
            <marc:subfield code="a">Open to all users.</marc:subfield>
        </marc:datafield>
        <marc:datafield tag="540" ind1=" " ind2=" ">
            <marc:subfield code="a">Creator's literary rights transferred to the University of Washington Libraries.</marc:subfield>
        </marc:datafield>
        <marc:datafield tag="555" ind1="0" ind2=" ">
            <marc:subfield code="a">A finding aid to the papers is available in the Special Collections Division of the University of Washington Libraries and on the World Wide Web.</marc:subfield>
        </marc:datafield>
        <marc:datafield tag="856" ind1="4" ind2="2">
            <marc:subfield code="u">https://archiveswest.orbiscascade.org/ark:80444/xv11788</marc:subfield>
            <marc:subfield code="z">Connect to the online finding aid for this collection.</marc:subfield>
        </marc:datafield>
        <marc:datafield tag="049" ind1=" " ind2=" ">
            <marc:subfield code="a">WAUW</marc:subfield>
        </marc:datafield>
    </marc:record>