
    <marc:record>
        <marc:leader>01211cpcaa22001933  4500</marc:leader>
        <marc:controlfield tag="001">775699264</marc:controlfield>
        <marc:controlfield tag="008">120209i19982004xx                  eng d</marc:controlfield>
        <marc:controlfield tag="005">20170303025738.6</marc:controlfield>
        <marc:datafield tag="040" ind1=" " ind2=" ">
            <marc:subfield code="a">WAU</marc:subfield>
            <marc:subfield code="b">eng</marc:subfield>
            <marc:subfield code="c">WAU</marc:subfield>
            <marc:subfield code="d">WAU</marc:subfield>
            <marc:subfield code="d">OCLCQ</marc:subfield>
        </marc:datafield>
        <marc:datafield tag="110" ind1="2" ind2=" ">
            <marc:subfield code="a">United Faculty of Central.</marc:subfield>
        </marc:datafield>
        <marc:datafield tag="245" ind1="1" ind2="0">
            <marc:subfield code="a">United Faculty of Central records,</marc:subfield>
            <marc:subfield code="f">1998-2004.</marc:subfield>
        </marc:datafield>
        <marc:datafield tag="300" ind1=" " ind2=" ">
            <marc:subfield code="a">1 cubic ft. (1 box)</marc:subfield>
        </marc:datafield>
        <marc:datafield tag="520" ind1="2" ind2=" ">
            <marc:subfield code="a">Collection of records related to the founding of the United Faculty of Central, the collective bargaining agent of the faculty of Central Washington University.</marc:subfield>
        </marc:datafield>
        <marc:datafield tag="545" ind1="1" ind2=" ">
            <marc:subfield code="a">The United Faculty of Central (UFC) is a bargaining agent for faculty of Central Washington University. The union, founded in 1998, was among the first wave of university-level organizing in Washington state. Faculty members organized for higher wages, a faculty voice in campus affairs, and a presence in Olympia during legislative funding debates.</marc:subfield>
        </marc:datafield>
        <marc:datafield tag="506" ind1=" " ind2=" ">
            <marc:subfield code="a">Open to all users.</marc:subfield>
        </marc:datafield>
        <marc:datafield tag="540" ind1=" " ind2=" ">
            <marc:subfield code="a">Creator's literary rights transferred to the University of Washington Libraries.</marc:subfield>
        </marc:datafield>
        <marc:datafield tag="740" ind1="0" ind2=" ">
            <marc:subfield code="a">Acc5684-001.</marc:subfield>
        </marc:datafield>
        <marc:datafield tag="856" ind1="4" ind2="2">
            <marc:subfield code="u">http://www.lib.washington.edu/specialcoll/findaids/docs/papersrecords/UnitedFacultyofCentral5684.xml</marc:subfield>
            <marc:subfield code="z">Connect to the online finding aid for this collection</marc:subfield>
        </marc:datafield>
        <marc:datafield tag="049" ind1=" " ind2=" ">
            <marc:subfield code="a">WAUW</marc:subfield>
        </marc:datafield>
    </marc:record>